1910 3216
224 122 268 163 vi
822 119 1169 160 PRAEFATIO.

225 232 328 273 tam
365 230 585 273 accurate
622 224 668 270 in
707 223 867 271 codice
904 228 1021 270 sunt
1057 223 1265 270 discreta¹
1300 229 1358 270 ut
1393 223 1516 270 nihil
1553 241 1760 288 usquam

227 302 550 351 dubitationis
596 300 821 349 relictum
869 300 931 347 sit
974 300 1052 347 cui
1095 300 1323 364 quodque
1366 301 1581 349 scholion
1622 301 1761 349 classi

228 381 295 428 sit
340 379 727 428 adscribendum.
821 378 1014 425 Primae
1061 376 1227 425 classis
1282 377 1471 435 scholia,
1523 397 1647 442 quae
1701 379 1760 426 ab

227 457 370 505 initio
413 457 512 504 sola
549 456 726 520 scripta
762 455 813 501 in
847 455 936 502 hoe
972 455 1130 502 codice
1168 455 1382 510 fuerunt,
1420 457 1636 504 numeris
1675 473 1761 520 per

227 535 416 582 litteras
458 535 509 590 α’,
534 535 595 591 β’,
622 534 679 595 7',
705 540 756 580 et
792 533 859 580 sic
894 550 1034 596 porro
1073 533 1312 596 expressis
1347 534 1409 581 ad
1445 535 1639 582 eosdem
1674 552 1762 581 nu-

228 629 384 660 meros
417 612 581 659 textui
612 610 966 675 superscriptos
990 610 1286 667 referuntur,
1312 617 1363 657 et·
1386 612 1455 658 ita
1481 612 1680 675 quidem
1704 618 1762 658 ut

229 690 398 737 folium
427 689 654 753 quodque
680 706 873 735 versum
899 686 960 734 ab
985 687 1201 735 numeris
1226 688 1278 743 (ι’,
1293 689 1355 745 β’,
1375 689 1433 748 γ’,
1450 695 1501 735 et
1519 689 1762 752 sequenti-

229 767 320 815 bus
352 767 557 831 incipiat
588 784 746 830 usque
772 765 831 813 ad
856 765 1002 812 finem
1027 764 1127 811 foh'i
1153 765 1364 830 proximi
1397 765 1516 813 recti
1542 766 1763 813 continu-

231 845 337 901 atis,
363 845 500 892 cuius
525 843 703 909 pagina
728 860 865 890 versa
900 860 1068 889 rursus
1106 842 1165 890 ab
1201 859 1399 890 numero
1434 844 1472 889 α’
1503 843 1687 907 incipit,
1714 850 1763 890 et

231 923 295 969 sic
320 940 406 986 per
429 928 589 969 totum
616 921 838 975 codicem,
866 921 925 967 (le
950 938 1046 984 quo
1072 919 1200 967 (lixit
1226 920 1405 967 Rosius
1432 920 1482 966 in
1508 921 1762 967 Aristotele

224 998 659 1063 pseudepiyraplzo
696 1017 741 1062 p.
778 1013 878 1059 151.
953 998 1090 1045 Inter
1123 995 1299 1045 scholia
1330 997 1508 1044 litteris
1542 1016 1762 1045 numera-

231 1077 359 1124 libus
402 1083 572 1124 notata
613 1094 709 1123 non
751 1094 905 1141 pauca
946 1075 1260 1139 reperiunt-ur
1302 1092 1425 1139 quae
1471 1075 1593 1121 nihil
1631 1075 1764 1122 aliud

233 1162 348 1202 sunt
385 1172 530 1218 quam
567 1154 874 1219 glossemata,
902 1171 1025 1217 quae
1063 1153 1110 1199 in
1151 1152 1259 1199 aliis
1296 1152 1411 1199 olim
1446 1152 1581 1199 libris
1619 1170 1766 1217 supra

231 1251 401 1281 versus
436 1234 629 1297 scripta,
670 1233 799 1279 unde
842 1231 1189 1279 interlz'necm‘z'a
1226 1231 1386 1278 vocari
1427 1231 1596 1287 solent,
1634 1232 1765 1279 scho-

233 1310 407 1357 liorum
455 1310 745 1373 compositor
792 1309 921 1357 inter
963 1308 1144 1355 scholia
1190 1307 1388 1354 rettulit
1435 1308 1635 1372 suisque
1677 1327 1765 1355 nu-

232 1388 377 1435 meris
402 1387 606 1434 notavit.

303 1465 522 1514 Secunda
580 1465 869 1512 scholiorum
926 1463 1092 1511 classis
1146 1463 1326 1510 litteris
1380 1462 1649 1510 minoribus
1706 1463 1765 1510 ab

233 1544 325 1590 alia
371 1561 519 1590 manu
570 1542 751 1606 scripta
792 1542 842 1588 in
884 1541 1104 1605 margine
1146 1540 1374 1588 interiore
1418 1540 1524 1604 ipsa
1567 1558 1766 1604 quoque

234 1621 380 1668 variis
421 1620 569 1684 signis
611 1616 666 1682 (Δ
707 1619 763 1674 ἒξ
807 1627 863 1676 ·><·
903 1618 1141 1683 aliisque),
1184 1618 1360 1682 quibus
1403 1617 1572 1665 eadem
1608 1617 1768 1665 textui

235 1698 562 1762 superscripta
601 1697 911 1761 respondent,
960 1715 989 1743 a.
1035 1696 1193 1760 prima
1238 1695 1387 1742 classe
1429 1695 1766 1758 distinguitur,

236 1793 444 1838 quacum
486 1781 652 1821 tamen
701 1774 881 1838 passim
923 1774 993 1821 ita
1035 1773 1255 1821 cohaeret
1301 1779 1361 1819 ut
1401 1772 1549 1836 priori
1595 1771 1767 1819 scholii

235 1872 263 1900 a
299 1870 447 1900 manu
482 1853 637 1917 prima
677 1853 845 1917 scripti
884 1852 1015 1916 parti
1056 1852 1166 1899 finis
1202 1851 1481 1915 imponatur
1517 1850 1702 1897 adiecta
1737 1869 1766 1898 a

237 1949 384 1978 manu
425 1931 634 1978 secunda
675 1937 813 1995 parte
856 1930 1021 1978 scholii
1062 1929 1230 1985 altera,
1274 1928 1523 1976 interdum
1569 1946 1656 1992 per
1695 1930 1767 1974 καί

236 2008 313 2055 vel
355 2009 400 2054 δέ
439 2008 620 2055 aliasve
663 2008 927 2073 particulas
969 2007 1212 2064 adiuncta,
1250 2024 1385 2054 eraso
1434 2006 1565 2070 quod
1609 2006 1766 2070 prima

237 2103 410 2133 manus
448 2086 498 2133 in
534 2085 631 2134 fine
673 2086 749 2133 sui
786 2085 954 2133 scholii
995 2091 1223 2149 posuerat
1259 2083 1401 2148 signo
1437 2083 1603 2131 scholii
1640 2083 1764 2131 finiti

240 2163 378 2225 (1—-):
416 2182 460 2211 v.
494 2163 668 2212 Hiller.
701 2165 753 2211 in
788 2163 1085 2211 Fleckeiseni
1121 2161 1289 2208 Annal.
1329 2179 1367 2208 a.
1414 2164 1534 2208 1868
1573 2179 1615 2225 p.
1655 2165 1765 2210 802.

238 2241 316 2288 Ab
366 2241 442 2288 his
493 2242 687 2289 scholiis
733 2247 955 2305 separata
1005 2246 1080 2287 est
1126 2239 1219 2286 alia
1267 2239 1555 2286 scholiorum
1607 2240 1766 2296 series,

238 2318 475 2366 similibus
538 2319 690 2383 signis
754 2319 816 2365 ad
879 2324 1075 2364 textum
1145 2316 1310 2373 relata,
1377 2334 1524 2380 quam
1595 2334 1767 2364 manus

237 2395 405 2459 paullo
447 2397 685 2444 recentior
727 2396 778 2443 in
819 2396 1036 2460 margine
1079 2395 1317 2442 exteriore
1359 2394 1628 2458 adscripsit,
1671 2410 1770 2457 qua

238 2473 456 2538 longiora
505 2492 566 2521 ex
617 2473 877 2538 Porphyrii
924 2474 1177 2527 Ζητήμασιιι
1222 2474 1472 2536 Ὁμηρικοῖς
1520 2478 1569 2519 et
1617 2471 1768 2518 Hera-

239 2550 341 2597 cliti
422 2552 743 2615 Ἀλληγορίαις
820 2552 1072 2613 Ὁμηρικαῖς
1145 2555 1370 2613 excerpt-a
1445 2549 1767 2605 continentur,

241 2645 446 2690 quorum
484 2647 580 2675 non
622 2646 775 2692 pauca
811 2646 839 2674 a
875 2627 1137 2676 Villoisono
1181 2628 1357 2675 omissa
1394 2644 1522 2673 nunc
1557 2625 1769 2689 primum

241 2704 383 2752 edidi.

308 2781 389 2828 Ad
424 2800 498 2830 res
534 2783 584 2829 in
621 2783 810 2831 scholiis
851 2783 1032 2848 primae
1075 2783 1411 2846 secundaeque
1448 2779 1610 2828 classis
1647 2786 1770 2826 trac—

242 2862 368 2903 tatas
403 2860 533 2921 quod
571 2861 762 2916 attinet,
801 2861 892 2907 etsi
931 2860 1144 2907 Venetus
1183 2860 1222 2906 B
1259 2859 1489 2924 ampliore
1526 2863 1770 2922 apparatu

246 2933 409 2981 critico
438 2938 865 2999 grammaticorum
896 2937 1343 2993 Alexandrinorum,
1370 2935 1562 3000 qualem
1596 2951 1770 2998 magna
