1910 3216
219 97 293 138 viii
630 160 634 162 Β
811 98 1159 139 PRAEFATIO.

218 219 391 249 manus
434 202 587 265 prima
629 202 679 248 111
721 202 938 266 margine
979 201 1207 248 interiore
1251 217 1311 247 ex
1353 200 1624 265 Porphyrio
1666 218 1745 248 ex·

218 280 398 344 cerpsit
436 297 591 344 pauca
632 285 748 326 sunt
790 286 839 326 et
881 279 1166 343 plerumque
1208 277 1385 334 brevia,
1422 284 1480 325 ut
1519 283 1748 342 excerpta

221 357 554 421 Porphyriana
591 356 766 403 codicis
791 356 974 404 Veneti
1000 356 1057 411 A,
1085 355 1144 402 (le
1177 354 1356 418 quibus
1386 354 1487 402 dixi
1519 357 1569 403 in
1602 356 1745 403 Prae-

219 434 403 482 fatione
445 433 706 481 voluminis
756 433 902 497 primi
949 451 992 496 p.
1031 432 1114 480 Xiv
1133 435 1174 489 †.
1254 432 1533 496 Copiosiora
1580 439 1745 480 autem

220 513 456 576 marginis
515 512 689 560 Veneti
745 511 996 558 exterioris
1053 514 1293 574 excerpta,
1346 510 1523 574 quibus
1580 511 1744 576 plures

220 590 434 654 optimae
481 596 625 636 notae
673 589 858 636 codices
906 594 1085 644 carent,
1128 595 1186 635 ut
1232 588 1358 635 infra
1404 588 1607 644 dicetur,
1649 606 1746 635 non

220 667 280 714 ab
313 667 480 714 eodem
516 668 699 731 scripta
734 672 851 713 sunt
887 666 1216 731 grammatico,
1246 666 1331 730 qui
1369 666 1590 713 breviora
1623 683 1747 713 mar-

219 745 348 810 ginis
400 744 643 793 interioris
702 744 880 792 scholia
938 744 1183 791 diversum
1241 751 1438 792 secutus
1495 742 1748 791 consilium

221 823 476 888 excerpsit,
523 822 602 870 sed
647 822 707 869 ab
749 821 840 868 alio
883 839 944 868 ex
986 820 1206 885 pluribus
1248 820 1446 868 collecta
1486 820 1744 877 codicibus,

221 900 548 964 transscriptis
589 917 687 946 non
734 916 840 946 raro
888 899 1093 963 integris
1140 898 1259 946 adeo
1307 898 1568 963 Porphyrii
1609 899 1748 952 Ζητη-

220 978 367 1032 μάτων
403 977 657 1041 capitibus,
695 976 753 1023 de
790 994 885 1040 quo
921 976 1154 1023 dixerunt
1193 975 1416 1023 Hillerus
1450 976 1501 1022 in
1538 975 1749 1023 Fleckei-

221 1055 322 1103 seni
361 1054 633 1102 Annalibus
669 1072 707 1101 a.
747 1057 867 1101 1868
898 1072 941 1118 p.
970 1058 1066 1113 804
1103 1060 1153 1101 et
1190 1054 1484 1102 Schraderus
1519 1053 1568 1100 in
1605 1053 1748 1100 Prae-

220 1133 404 1180 fatione
429 1132 490 1179 ad
517 1131 709 1180 Scholia
734 1131 994 1196 Porphyrii
1018 1150 1061 1196 p.
1099 1135 1166 1179 18.

288 1209 445 1257 Valde
489 1210 677 1258 diversa
718 1228 741 1256 a
786 1210 954 1274 primis
993 1209 1311 1273 secundisque
1346 1209 1523 1257 codicis
1559 1206 1750 1256 scholiis

222 1295 297 1335 est
322 1289 464 1336 tertia
493 1288 784 1336 scholiorum
816 1288 991 1345 classis,
1019 1305 1143 1351 quae
1177 1287 1328 1352 signis
1360 1287 1517 1334 rubris
1548 1285 1749 1333 litteris-

222 1384 316 1430 que
341 1366 501 1413 rubris
527 1365 799 1413 initialibus
824 1366 886 1413 ad
911 1370 1078 1412 textus
1102 1365 1250 1412 verba
1272 1364 1563 1412 referuntur.
1625 1363 1751 1411 Nam

222 1444 394 1491 tertiae
410 1444 555 1491 huius
574 1443 740 1491 classis
762 1443 938 1490 scholia
958 1443 1017 1490 ab
1035 1443 1202 1507 ignoto
1219 1443 1381 1506 aliquo
1401 1442 1577 1489 aetatis
1597 1441 1751 1488 multo

224 1521 462 1569 inferioris
504 1522 818 1585 grammatico
861 1539 921 1569 ex
964 1520 1302 1584 Etymologico
1346 1520 1410 1567 M.
1450 1519 1752 1583 aliorumque

225 1599 652 1663 grammaticorum
699 1598 891 1662 scriptis
945 1604 1061 1645 sunt
1114 1597 1384 1661 compilata,
1431 1615 1638 1660 quorum
1697 1613 1754 1643 ea

223 1694 348 1740 quae
398 1676 541 1724 alicui
587 1677 699 1724 usui
747 1694 848 1724 esse
895 1681 1102 1739 possunt
1150 1674 1224 1722 vel
1273 1674 1459 1738 aliquid
1505 1673 1599 1721 sibi
1647 1692 1752 1738 pro-

225 1754 387 1817 prium
423 1754 602 1802 habent
635 1754 807 1818 recepi,
834 1753 1036 1817 reliquis
1071 1752 1120 1798 in
1158 1751 1486 1816 Appendicem
1522 1751 1751 1816 relegatis

223 1832 317 1880 vol.
344 1849 374 1892 4
400 1850 444 1896 p.
475 1838 565 1892 362
594 1851 722 1897 seqq.

292 1910 547 1958 Lemmata
571 1911 721 1958 trium
747 1910 973 1957 classium
999 1908 1191 1957 scholiis
1217 1909 1277 1956 ab
1297 1907 1563 1955 editoribus
1584 1908 1752 1956 addita

224 1994 366 2035 sunt:
420 2007 534 2035 nam
570 1989 621 2035 in
657 1988 820 2035 codice
859 1987 987 2034 nulla
1022 1993 1151 2043 sunt,
1188 2004 1345 2050 neque
1383 2003 1504 2049 opus
1538 1986 1597 2032 iis
1633 1992 1750 2043 erat,

226 2084 380 2129 quum
414 2066 604 2113 numeri
639 2072 690 2113 et
725 2065 864 2130 signa
898 2071 1065 2112 textus
1101 2070 1376 2111 monstrent
1410 2063 1658 2119 vocabula,
1688 2064 1751 2111 ad

225 2160 350 2206 quae
375 2143 587 2190 scholion
613 2143 839 2207 quodque
867 2143 929 2190 sit
953 2142 1274 2189 referendum.

296 2220 370 2267 De
416 2224 576 2267 aetate
623 2238 720 2284 qua
765 2219 1138 2267 commentarius
1185 2219 1358 2266 codicis
1405 2218 1589 2266 Veneti
1637 2218 1679 2264 Β
1726 2236 1752 2266 0

227 2297 449 2345 manibus
495 2298 705 2344 auctoris
754 2297 940 2353 exierit,
962 2302 1175 2344 tantum
1224 2296 1538 2360 probabiliter
1584 2295 1754 2343 coniici

226 2392 367 2439 posse
410 2374 616 2430 videtur,
658 2392 754 2421 non
801 2375 885 2421 diu
933 2380 1041 2438 post
1084 2374 1343 2438 Porphyrii
1388 2380 1621 2438 tempora,
1665 2374 1692 2420 i.
1714 2390 1751 2421 e.

228 2451 388 2499 seculo
423 2459 611 2516 quarto,
648 2469 844 2516 operam
879 2452 1002 2498 hanc
1037 2470 1065 2498 a
1099 2452 1414 2516 grammatico
1450 2451 1613 2515 aliquo
1648 2469 1754 2498 sus-

226 2536 419 2594 ceptam
461 2547 576 2585 0050,
615 2530 699 2593 qui
741 2547 892 2593 quum
934 2547 1064 2575 more
1105 2529 1278 2576 aetatis
1319 2528 1448 2576 illius
1489 2529 1548 2575 ab
1590 2546 1753 2576 recon-

229 2606 403 2655 ditiore
455 2614 675 2654 veterum
730 2606 1167 2653 Alexandrinorum
1226 2606 1497 2653 eruditione
1552 2606 1754 2653 alienior

229 2691 370 2741 esset,
418 2684 629 2732 diversas
683 2684 740 2731 de
794 2683 1008 2731 codicum
1064 2684 1314 2747 scripturis
1374 2684 1622 2747 opiniones
1671 2702 1751 2731 ve-

229 2767 387 2809 terum
437 2762 864 2826 grammaticorum
917 2761 1354 2808 Alexandrinorum
1410 2779 1516 2809 raro
1569 2760 1750 2824 attigit,

229 2840 312 2887 sed
365 2856 505 2886 omne
559 2840 655 2886 fere
714 2839 931 2886 studium
992 2839 1041 2886 in
1094 2839 1275 2886 scholia
1326 2838 1538 2886 contulit
1587 2837 1751 2884 multi-

230 2917 367 2981 plicis
421 2917 607 2981 generis
667 2917 928 2982 exegetica,
978 2935 1101 2980 quae
1161 2917 1339 2980 partim
1398 2916 1500 2980 ipse
1558 2915 1751 2979 scripsit-
