1910 3216
741 104 1092 144 PRAEFATIO.
1628 110 1686 151 vii

151 227 213 256 ex
249 215 388 273 parte
423 208 641 256 servavit
677 207 828 255 codex
855 207 1080 254 Venetus
1116 208 1174 265 A,
1215 215 1291 256 est
1329 209 1600 259 destitutus
1637 220 1687 260 et

150 285 396 342 Zenodoti,
422 285 782 350 Aristophanis,
817 285 1089 332 Aristarchi
1125 284 1427 350 aliorumque
1465 295 1686 336 veterum

150 363 425 411 criticorum
462 363 660 411 nomina
695 363 851 413 rarius
888 370 1144 427 apparent,
1182 381 1270 411 nec
1305 364 1409 411 sine
1447 367 1686 414 erroribus

151 441 211 488 ab
257 440 547 489 scholiorum
588 447 868 506 excerptore
914 440 1195 497 commissis,
1245 441 1303 489 de
1351 442 1531 507 quibus
1581 444 1686 492 dix-

150 524 294 566 erunt
330 519 563 567 Lehrsius
599 519 651 566 in
687 519 813 567 libro
851 519 910 567 de
938 518 1224 567 Aristarcho
1260 537 1308 584 p.
1339 537 1392 580 31
1425 527 1475 568 et
1499 521 1687 570 Duent-

150 614 288 643 zerus
347 597 398 643 in
451 596 573 645 libro
626 597 686 645 de
739 597 991 645 Zenodoto
1037 615 1084 661 p.
1144 614 1214 653 11,
1262 603 1429 645 tamen
1476 606 1686 664 utraque

151 672 438 721 scholiorum
486 674 650 722 classis
696 674 908 739 plurima
949 675 1168 722 continet
1215 674 1278 722 ad
1320 675 1688 740 interpretanda

149 757 323 815 poetae
369 752 517 800 verba
563 752 708 800 utilia
754 752 946 816 generis
994 752 1318 817 grammatici,
1365 753 1583 801 historici
1636 761 1687 802 et

150 828 483 894 mythologici,
531 836 582 877 et
629 830 929 895 amplissima
988 829 1251 894 Porphyrii
1309 830 1578 886 Ζητημάτων
1637 837 1685 880 et

152 906 395 954 Heracliti
436 908 748 972 Ἀλληγοριῶν
791 908 1064 973 excerpta*
1110 908 1337 965 servavit,
1375 910 1425 956 in
1466 910 1685 974 margine

149 985 386 1032 exteriore
411 1003 440 1033 a
464 1003 613 1033 manu
644 984 809 1050 paullo
841 987 1106 1034 recentiore
1142 986 1321 1034 addita.
1394 987 1523 1035 Nam
1559 1005 1683 1052 quae

205 1108 223 1127 ⁵⁵
254 1109 399 1147 Mirum
431 1114 487 1147 est
520 1124 641 1147 unum
674 1124 722 1147 ex
754 1110 954 1148 Heraclito
990 1115 1215 1161 excerptum
1250 1111 1297 1148 ad
1338 1122 1371 1159 5,
1415 1124 1502 1160 392.
1544 1112 1619 1149 vol.
1661 1126 1681 1159 3

147 1188 183 1225 p.
217 1188 303 1223 249,
339 1186 535 1223 22—250‚
567 1190 591 1223 4
616 1190 693 1213 non
724 1181 767 1214 ut
800 1177 949 1225 reliqua
979 1176 1171 1214 Heracliti
1203 1191 1225 1214 a
1256 1190 1371 1214 manu
1401 1177 1610 1214 recentiore
1644 1176 1683 1213 in

148 1240 320 1290 margine
350 1240 549 1286 exteriore,
581 1242 646 1278 sed
675 1255 697 1278 a
725 1255 842 1278 manu
871 1243 998 1291 prima
1029 1242 1069 1278 in
1105 1242 1277 1292 margine
1306 1242 1488 1279 interiore
1520 1255 1683 1279 numero

148 1319 215 1343 suo
247 1304 307 1357 (ε’)
345 1310 523 1343 notatum
555 1320 630 1343 non
666 1307 790 1344 solum
822 1307 862 1343 in
901 1307 936 1344 B
978 1308 1061 1356 legi,
1100 1309 1165 1344 sed
1204 1308 1320 1345 etiam
1355 1307 1396 1343 in
1428 1307 1682 1351 Townleiano‚

147 1370 373 1408 Florentino
394 1371 653 1409 Laurentiano
677 1385 738 1421 32,
764 1386 784 1421 3
808 1377 845 1409 et
868 1372 1070 1422 Lipsieusi.

202 1440 226 1481 †
256 1436 319 1474 Sic
345 1436 511 1473 scholion
538 1436 744 1486 Porphyrii
766 1451 924 1475 numero
952 1443 1128 1475 notatum
1157 1439 1198 1473 ιθ’
1219 1452 1239 1474 a
1261 1451 1377 1475 manu
1396 1437 1521 1487 prima
1541 1437 1683 1486 legitur

147 1503 195 1540 ad
229 1512 288 1550 15,
314 1505 401 1551 189,
430 1502 501 1539 vol.
537 1516 557 1549 4
589 1516 623 1552 p.
658 1506 718 1551 83,
744 1516 874 1549 4——10
906 1504 945 1539 in
976 1504 1018 1549 B,
1041 1503 1284 1540 Townleiano
1314 1508 1351 1541 et
1382 1503 1585 1552 Lipsiensi,
1616 1503 1682 1540 sed

147 1568 296 1618 plenius
325 1567 364 1603 in
395 1567 622 1604 Scorialensi
656 1571 693 1604 et
726 1567 951 1614 Harleiano,
990 1571 1203 1616 Πορφυρίου.
1262 1570 1493 1605 ἐναντιοῦσθαι
1525 1570 1615 1603 δοκεῖ
1644 1570 1682 1603 τὸ

147 1635 269 1681 τριχθὰ
298 1635 334 1669 δέ
363 1635 472 1668 πάντα
501 1634 672 1678 δέδασται,
704 1634 844 1670 ἕκαστος
874 1635 904 1669 δ’
926 1636 1050 1682 ἔμμορε
1079 1634 1200 1679 τιμῆς”
1229 1637 1274 1683 τῷ
1296 1632 1411 1684 (193)
1441 1637 1554 1681 ί(γαῖα
1581 1634 1610 1669 δ’
1633 1636 1681 1668 ἔτι

147 1701 227 1745 ξυνὴ
256 1701 389 1736 πάντων
419 1701 470 1734 καὶ
497 1701 621 1745 μακρὸς
641 1699 857 1744 ”Ολυμπος.”
921 1701 998 1735 οὐδὲ
1027 1702 1093 1747 γὰρ
1121 1702 1171 1735 ἔτι
1200 1702 1308 1735 πάντα
1338 1701 1507 1735 δέδασται.
1566 1699 1684 1734 λύοιτο

147 1765 178 1800 δ’
201 1767 241 1801 ἂν
259 1768 298 1810 τῇ
317 1765 419 1810 λέξει.
477 1766 516 1799 τὸ
535 1766 601 1811 γὰρ
621 1766 728 1800 πάντα
748 1766 787 1800 οὐ
807 1768 908 1809 μόνον
929 1767 1026 1810 δηλοῖ
1054 1768 1095 1800 τὰ
1123 1768 1282 1809 πλεῖστα,
1304 1766 1394 1800 ἀλλὰ
1423 1767 1682 1812 παρελκομένως

149 1833 215 1866 “οἱ
236 1830 264 1865 δ’
285 1831 377 1865 ἐννέα
396 1831 518 1866 πάντες
537 1830 711 1865 duim-ast
737 1829 803 1881 (Il.
829 1843 889 1876 24,
916 1829 1018 1879 232).
1080 1835 1247 1878 “χρυσοῦ
1272 1832 1307 1865 δέ
1335 1831 1465 1875 στήλας
1490 1831 1576 1877 φέρε
1603 1831 1681 1865 δέκα

147 1898 254 1932 πάντα
280 1897 427 1931 τάλαντα
438 1895 456 1906 ”
484 1894 548 1945 (Il.
578 1908 634 1942 19,
661 1895 764 1945 247).
823 1899 861 1931 τὸ
890 1898 924 1931 δέ
952 1898 1058 1932 πάντα
1086 1898 1246 1932 δέδασται
1274 1897 1346 1932 ἀντὶ
1371 1899 1431 1931 τοῦ
1457 1899 1615 1940 πλεῖστα,
1639 1897 1683 1932 ὡς

147 1963 177 1997 εἷ
214 1963 323 2008 ἔλεγε,
353 1962 394 1995 τὰ
426 1959 566 1995 πλείονα
597 1962 807 2007 μεμέρισται,
838 1963 926 2005 πλὴν
960 1964 1022 2009 ’γῆς
1053 1977 1089 1996 τε
1129 1964 1181 1997 καὶ
1212 1963 1365 2007 οὐρανοῦ·
1401 1964 1504 1996 ταῦτα
1536 1962 1602 2008 γὰρ
1633 1962 1682 1995 ἔτι

149 2029 251 2062 κοινά·
281 2028 362 2062 ποτὲ
397 2027 433 2061 δέ
465 2028 517 2061 καὶ
549 2026 724 2072 παρέλκει,
760 2028 803 2062 ὡς
841 2028 880 2061 τὸ
913 2029 982 2061 “oi
1013 2026 1041 2061 δ’
1081 2027 1173 2061 ἐννέα
1210 2029 1331 2064 πάντες
1369 2027 1542 2063 ἀνέσταν.”
1601 2025 1682 2062 Ubi

145 2096 340 2142 postrema
368 2090 484 2127 verba
511 2094 592 2126 ποτὲ
623 2092 658 2125 δέ
688 2093 941 2127 καὶ-ἀνέσταν
970 2091 1130 2128 delenda
1160 2091 1351 2136 videntur,
1373 2104 1468 2140 quae
1496 2105 1542 2128 ex
1572 2104 1682 2140 supe-

148 2159 315 2196 rioribus
350 2157 539 2194 inutiliter
573 2160 664 2194 sunt
695 2157 870 2207 repetita.
943 2158 1087 2195 Eadem
1124 2158 1222 2195 ratio
1253 2158 1418 2195 duorum
1452 2157 1682 2195 scholiorum

149 2223 196 2260 ad
223 2233 280 2271 15,
315 2225 400 2268 128,
428 2222 498 2258 vol.
533 2235 554 2267 4
586 2235 621 2270 p.
655 2224 716 2267 80,
751 2224 908 2270 26——34
937 2236 1099 2271 quorum
1126 2223 1232 2272 prius
1262 2222 1343 2273 (lin.
1377 2221 1552 2271 26—29)
1581 2236 1603 2259 a
1633 2236 1681 2259 m.

148 2288 273 2338 prima
311 2288 495 2337 scripturn
534 2286 574 2323 in
612 2286 657 2331 B,
700 2287 864 2324 alterum
904 2288 988 2339 (lin.
1026 2286 1201 2336 30—34)
1231 2301 1253 2324 a
1291 2301 1340 2325 m.
1380 2288 1554 2332 secunda,
1585 2301 1681 2337 quae

148 2353 280 2391 ordine
310 2353 460 2389 inverso
489 2353 672 2401 leguntur
693 2352 731 2388 in
762 2353 887 2390 codice
910 2341 1109 2402 Lipsiensi.
1168 2353 1383 2391 Sedunum
1410 2352 1483 2389 fuit.
1509 2352 1681 2390 scholion

147 2418 354 2468 Porphyrii
375 2417 477 2467 quod
500 2417 694 2467 integrum
716 2423 915 2455 servarunt
937 2419 1083 2456 codices
1105 2418 1352 2456 Scorialcnsis
1376 2421 1412 2454 et
1435 2417 1678 2462 Harlcianus,

146 2484 358 2532 Πορφυριόυ.
419 2486 457 2519 οὐ
473 2485 524 2519 δεῖ
542 2483 667 2527 στίζειν
691 2486 736 2520 εἷς
766 2487 804 2519 τὸ
833 2487 853 2502 “
869 2485 995 2531 φρένας
1025 2485 1122 2529 ι’]λέ,”
1145 2483 1213 2519 εἶτα
1245 2485 1316 2519 καθ’
1336 2485 1416 2519 αὑτὸ
1443 2485 1556 2531 λέγειν
1577 2488 1595 2501 ·’”
1611 2485 1676 2519 διέ-

148 2550 312 2597 φθορας,”
332 2548 412 2583 ἀλλ’
437 2550 517 2584 ὅλον
546 2550 727 2584 συνάπτειν
752 2551 790 2585 τὸ
812 2552 831 2567 “
850 2550 977 2596 φρένας
1004 2551 1187 2595 διέφθορας
1207 2549 1298 2594 ἠλέ.”
1356 2551 1454 2585 αὐτὸς
1479 2550 1545 2595 γὰρ
1563 2550 1680 2595 ἐπάγει

145 2618 229 2662 πρὸς
257 2617 318 2659 μὲν
342 2616 380 2649 τὸ
412 2613 647 2659 “μαινόμενε”
683 2613 733 2657 “·ἧ
759 2614 796 2649 νύ
822 2630 873 2649 τοι
900 2617 1007 2651 αὕτως
1036 2617 1127 2649 οὔατ’
1149 2615 1309 2659 ἀκουέμεν
1337 2613 1445 2658 ε’στί,”
1465 2616 1549 2660 πρὸς
1576 2615 1611 2649 δὲ
1639 2617 1678 2649 τὸ

148 2683 168 2698 “
184 2682 241 2716 τὰς
263 2680 389 2726 φρένας
416 2679 599 2725 διέφθορας
620 2678 706 2723 ''stu-³„
729 2682 748 2696 “
767 2680 842 2715 νόος
868 2678 896 2713 δ’
922 2680 1080 2714 ἀπόλωλε
1107 2682 1159 2715 καὶ
1186 2681 1319 2716 αἷδὼς.”
1378 2681 1432 2714 ἐπὶ
1457 2681 1517 2724 μὲν
1543 2678 1601 2714 οὖν
1619 2682 1679 2714 τοῦ

148 2749 168 2763 “
185 2746 359 2790 μαινόμενε
371 2743 389 2755 ”
419 2745 479 2780 τὰς
508 2744 634 2790 φρένας
663 2745 864 2790 διεφθάρθαι
894 2747 1134 2791 κατηγόρησεν,
1166 2745 1219 2779 ἐπὶ
1249 2745 1284 2778 δέ
1313 2747 1372 2778 τοῦ
1398 2743 1530 2790 κούφου
1556 2746 1608 2778 καὶ
1633 2746 1677 2788 μὴ

146 2811 289 2853 βεβαίου
318 2812 357 2844 τὸ
387 2809 575 2855 ἀεσίφρων.
597 2813 656 2844 τοῦ
686 2811 721 2844 δὲ
754 2809 815 2853 ἠλέ
843 2809 907 2844 εἴτε
929 2810 1081 2854 ἀποκοπή
1113 2811 1208 2844 ἐστιν
1237 2808 1302 2843 εἴτε
1333 2809 1497 2855 συγκοπὴ.
1555 2810 1678 2855 γίνεται

149 2876 183 2910 δὲ
203 2878 294 2922 παρὰ
322 2876 380 2919 τὴν
406 2875 500 2919 (ἴλην,
521 2873 562 2908 ἵν’
583 2872 604 2918 ἦ
632 2875 874 2918 πεπλανημένε.
934 2873 1085 2910 Similia
1115 2874 1296 2922 leguntur
1325 2873 1442 2910 ctiam
1472 2873 1511 2909 in
1541 2873 1676 2909 Town-

150 2938 282 2986 lciano,
304 2940 368 2977 ubi
389 2939 666 2989 praescriptum
688 2939 774 2975 οὕτω
796 2939 1003 2987 Πορφύριος.
