1910 3216
706 106 1055 147 PRAEFATIO.
1593 123 1648 147 xv

115 211 484 261 adscribendum
523 215 759 275 appareat
796 215 845 256 et
881 208 1059 255 scholia
1101 208 1323 272 plurima,
1359 209 1484 256 inter
1522 227 1645 273 quac

115 298 232 339 sunt
258 291 475 355 longiora
500 287 838 352 Porphyriana
866 286 1024 334 multa
1059 293 1108 334 et
1143 287 1318 334 tertiae
1355 287 1645 334 scholiorum

115 369 281 417 classis
306 386 419 433 pars
444 367 669 422 maxima,
696 365 870 422 omisit,
898 382 985 412 nec
1009 382 1165 428 pauca
1198 364 1373 412 codicis
1403 364 1645 429 scriptura

114 465 211 494 non
236 445 490 493 intellecta
522 444 745 508 corrupit,
765 450 815 490 et
839 443 1046 507 pessimo
1066 442 1263 490 consilio
1289 442 1467 490 scholia
1492 443 1646 491 multa

115 542 176 573 ex
230 523 473 571 codicibus
520 521 715 569 Veneto
763 521 809 568 A
857 520 1062 585 aliisque
1110 520 1181 568 ita
1229 520 1543 585 interpolavit
1589 527 1647 568 ut

115 601 198 649 ubi
240 601 448 648 duorum
484 599 698 647 triumve
735 599 950 646 codicum
990 598 1139 662 siglas
1176 598 1365 646 scholiis
1401 599 1645 663 apposuit,

114 679 295 743 ubique
324 679 424 726 fere
459 678 703 725 incertum
739 683 935 724 maneat
963 676 1083 740 quid
1108 676 1159 723 in
1186 675 1392 739 singulis
1425 676 1644 741 legatur:

115 757 174 804 de
222 775 318 821 qua
366 755 686 821 perversitate
738 754 841 802 dixi
888 755 938 801 in
986 754 1297 802 Praefaticne
1356 754 1645 802 scholiorum

115 834 376 882 voluminis
400 834 544 899 primi
569 852 612 898 p.
634 833 785 881 xxvii.
861 833 964 880 Nec
988 833 1145 880 multo
1169 832 1343 880 melius
1368 851 1469 880 rem
1493 833 1647 898 gessit

114 913 365 976 proximus
401 911 668 960 Villoisono
705 911 862 958 editor
899 911 934 958 I.
971 910 1238 967 Bekkerus,
1275 928 1429 975 quum
1465 911 1647 959 scholia

116 990 167 1037 in
210 990 415 1037 Iliadem
459 989 674 1037 Berolini
716 989 882 1037 ederet
919 1007 955 1036 a.
998 993 1085 1036 182
1097 1004 1137 1050 5,
1174 988 1260 1052 qui
1308 989 1411 1053 ipse
1449 989 1646 1052 quidem

115 1068 272 1115 multa
322 1074 451 1115 recte
511 1067 732 1123 correxit,
781 1066 866 1114 sed
913 1084 1066 1130 quum
1120 1066 1382 1114 Villoisono
1440 1067 1647 1114 confisus

115 1146 325 1194 codicem
365 1147 524 1193 denuo
567 1163 842 1210 comparare
880 1163 977 1192 non
1016 1145 1339 1192 necessarium
1380 1162 1482 1193 5555
1525 1145 1647 1192 iudi-

116 1230 282 1280 casset,
322 1223 581 1271 Villoisoni
622 1230 821 1287 peccata
859 1222 1089 1287 pleraque
1138 1223 1299 1270 onmia
1340 1223 1646 1287 propagavit,

115 1319 239 1365 quae
264 1301 386 1348 mihi
409 1301 605 1349 demum
630 1301 867 1364 corrigere
906 1300 1057 1355 licuit,
1084 1300 1243 1347 codice
1281 1300 1340 1347 ab
1377 1300 1563 1348 Cobeto
1600 1307 1647 1348 et

117 1378 175 1425 D.
219 1379 274 1426 B.
318 1379 492 1426 Monro
532 1379 700 1425 eadem
748 1378 1010 1443 diligentia
1052 1395 1182 1425 meos
1225 1378 1274 1424 in
1323 1396 1440 1425 usus
1487 1378 1646 1426 denuo

116 1456 303 1513 collato,
352 1475 476 1521 quae
509 1456 606 1503 iam
648 1456 698 1502 in
746 1455 1054 1503 Praefatione
1102 1455 1363 1503 voluminis
1410 1456 1553 1520 primi
1602 1474 1645 1520 p.

116 1535 256 1581 xxvii
296 1534 618 1599 praedicanda
649 1533 768 1580 mihi
810 1533 916 1581 fuit.
989 1534 1099 1592 Quo
1135 1533 1318 1580 factum
1355 1541 1429 1581 est
1466 1540 1524 1580 ut
1553 1533 1645 1580 viri

116 1613 245 1660 docti
284 1612 496 1676 quidam,
536 1612 621 1675 qui
659 1611 736 1658 vel
773 1611 941 1658 eodem
978 1617 1195 1675 tempore
1231 1611 1311 1658 vel
1346 1618 1515 1675 postea
1553 1612 1647 1659 sin-

114 1689 257 1755 gulas
296 1689 557 1753 utriusque
605 1689 778 1736 codicis
823 1689 993 1737 Veneti
1038 1695 1201 1753 partes
1241 1696 1516 1737 tractarunt
1562 1690 1647 1737 vix

115 1768 383 1832 quidquam
423 1768 657 1815 extricare
689 1767 941 1831 potuerint
969 1773 1162 1831 praeter
1186 1767 1434 1824 minutias,
1462 1785 1522 1815 ex
1547 1769 1648 1832 qui-

118 1847 208 1894 bus
244 1846 485 1893 rarissime
522 1845 708 1909 aliquid
746 1846 955 1903 emersit,
994 1846 1126 1909 quod
1167 1846 1485 1909 quantumvis
1526 1845 1646 1901 leve,

117 1932 284 1972 tamen
342 1941 439 1970 non
493 1923 750 1988 indignum
810 1924 1009 1987 cognitu
1069 1923 1146 1978 sit,
1206 1930 1262 1970 ut
1321 1923 1539 1987 exempla
1598 1924 1647 1970 in

117 2001 370 2049 Addendis
394 2000 593 2048 collecta
617 2000 896 2057 ostendunt,
921 2001 1048 2048 inter
1073 2019 1196 2065 quae
1229 2019 1383 2048 unum
1420 2008 1494 2048 est
1531 2019 1646 2065 prae

116 2080 285 2127 ceteris
314 2079 546 2143 lepidum,
572 2079 703 2143 quod
738 2078 834 2126 iam
872 2078 1134 2126 Eustathio
1171 2078 1329 2126 seculo
1366 2078 1646 2126 duodecimo

118 2158 339 2206 fraudem
359 2158 474 2205 fecit
499 2158 549 2204 in
576 2156 753 2205 scholio
774 2157 959 2205 novitio
979 2157 1153 2205 codicis
1171 2157 1352 2205 Veneti
1373 2157 1419 2203 A
1438 2157 1500 2204 ad
1523 2174 1560 2212 Ι,
1586 2162 1644 2218 56

120 2237 228 2300 (vol.
272 2255 285 2284 1
323 2255 366 2301 p.
409 2254 478 2296 14,
520 2239 745 2299 11—17)‚
778 2237 861 2284 ubi
898 2237 1014 2284 haec
1052 2236 1286 2301 leguntur
1324 2236 1421 2298 (fol.
1456 2254 1510 2283 12
1538 2236 1645 2283 bin

116 2317 332 2380 margine
362 2316 607 2380 interiore)
635 2315 695 2362 ab
722 2315 986 2364 Villoisono
1023 2316 1210 2371 omissa,
1236 2315 1319 2362 sed
1358 2332 1384 2361 a
1421 2315 1646 2363 Bekkero

116 2394 329 2458 primum
365 2394 430 2440 SiC
467 2394 615 2450 edita,
641 2396 682 2440 οἷ
706 2394 780 2447 μὲν
807 2393 896 2456 ’γὰρ
929 2395 1039 2443 κύνες
1065 2393 1153 2438 ἀπὸ
1178 2399 1253 2446 τῆς
1279 2396 1538 2456 ὀσφρήσεως
1563 2399 1646 2439 τῶν

117 2474 243 2534 ι’χνῶν
267 2473 308 2516 ἐν
334 2474 532 2525 αἰσθήσει
559 2476 644 2518 τῶν
671 2473 822 2534 Θηρίων
859 2473 1072 2530 γίνονται,
1098 2473 1142 2516 αι’
1167 2471 1211 2516 δὲ
1241 2472 1403 2523 ἦμιόνοι
1431 2470 1647 2521 πολλάκις

117 2550 460 2611 ἀπολειφθεῖσαι
497 2550 771 2612 ἀνθρώπων
805 2547 894 2592 ἀπὸ
924 2554 999 2601 τῆς
1036 2550 1294 2611 ὀσφρήσεως
1327 2549 1394 2592 καὶ
1424 2548 1503 2597 τὰς
1527 2548 1647 2597 ὁδοὺς

118 2626 422 2688 ἀνευρίσκουσι.
493 2625 673 2673 Verum
700 2626 748 2671 in
774 2624 966 2672 Veneto
992 2625 1032 2671 A
1058 2643 1152 2672 non
1179 2628 1283 2671 (ῗνωιὶ
1310 2624 1491 2689 legitur
1516 2625 1645 2688 quod

117 2702 426 2750 crediderunt
451 2703 659 2750 editores
680 2709 729 2749 ct
751 2720 836 2766 pro
857 2704 1087 2765 ἀνθρώπων
1113 2709 1415 2767 acceperunt,
1441 2702 1525 2749 scd
1547 2725 1646 2755 ηνωιι

117 2780 296 2843 partim
323 2780 534 2827 obscuris
560 2780 835 2827 litterarum
867 2779 1107 2836 ductibus,
1134 2780 1310 2843 quibus
1343 2780 1646 2843 significatur

117 2859 288 2914 ἁβηνῶν
308 2857 384 2904 vel
404 2861 488 2903 τῶν
507 2860 689 2914 ἁβηνῶν,
717 2857 1002 2904 vocabulum
1033 2857 1458 2912 Gracco-latinum,
1486 2857 1642 2920 qualia

120 2933 261 2997 plura
296 2935 603 2998 reperiuntur
644 2935 790 2981 ctiam
829 2935 952 2981 inter
1000 2935 1177 2981 scholia
1226 2939 1385 2981 vctcra
1435 2934 1645 2982 Veneto-
