1910 3216
733 114 1081 156 PRAEFATIO.
1635 116 1677 156 xi

141 236 314 266 norum
361 219 706 275 collectionem,
756 237 817 267 ex
871 236 969 283 qua
1014 217 1198 265 scholia
1243 216 1387 281 plura
1439 217 1570 265 edidi
1622 219 1671 265 in

143 296 393 361 Philologo
440 296 536 345 vol.
592 301 647 344 18
696 316 743 362 p.
797 312 1070 357 341—352.
1167 295 1360 342 Nomen
1408 295 1670 359 Porphyrii

142 373 334 422 scholiis
363 374 467 422 eius
504 375 554 421 in
591 374 679 422 hoc
714 375 873 423 codice
909 381 1107 421 tantun]
1145 390 1242 420 non
1278 373 1503 420 omnibus
1539 390 1676 436 prae-

142 451 373 516 scriptum
403 456 485 499 est.

210 529 375 577 Codici
412 529 699 578 Scorialensi
726 532 777 587 Ω,
812 548 848 588 1,
880 548 920 586 2,
946 528 1074 594 quod
1104 529 1167 576 ad
1202 526 1383 575 scholia
1416 528 1675 593 Porphyrii

142 606 339 664 attinet,
367 607 642 655 simillimus
675 615 751 656 est
787 607 1040 655 Leidensis
1067 606 1333 654 Vossianus
1361 612 1437 665 64,
1466 606 1676 670 scriptus

143 683 305 731 seculo
343 693 519 749 quarto
556 685 739 732 decimo
773 685 899 732 foliis
931 684 1198 732 chartaceis
1234 700 1344 746 493,
1383 683 1433 729 in
1464 683 1560 731 fine
1596 685 1676 732 de-

144 761 330 810 fectus:
385 780 497 810 nam
543 763 711 809 finitur
748 762 1035 826 rhapsodiae
1081 779 1140 821 24
1179 779 1322 808 versu
1369 777 1440 819 17.
1525 762 1675 810 Hunc

142 839 355 886 codicem
391 847 611 887 accurate
650 839 900 904 descripsit
931 846 981 887 et
1006 837 1188 886 scholia
1223 838 1483 903 Porphyrii
1518 840 1676 887 multa

142 935 201 965 ex
227 935 282 965 eo
307 917 515 983 protulit
542 918 890 966 Valckenarius
916 918 965 965 in
1000 917 1358 965 Dz'sserz‘atz'one
1384 916 1443 964 cle
1470 918 1676 966 Sclzoliz's

144 996 197 1043 in
241 997 509 1044 Homerum
554 997 767 1061 primum
809 997 941 1044 edita
982 997 1029 1043 in
1074 996 1357 1060 Appendice
1400 996 1461 1043 ad
1505 996 1676 1045 Ursini

145 1072 400 1138 Virgilium
425 1073 687 1122 collatione
717 1075 1007 1139 scriptorum
1032 1073 1323 1122 Graecorum
1355 1073 1673 1132 illust-ratum,

143 1170 182 1198 a.
210 1168 347 1212 1747,
374 1152 584 1216 repetita
607 1153 659 1199 in
686 1152 941 1217 Opusculis
967 1152 1058 1199 vol.
1085 1169 1107 1198 2
1130 1169 1176 1215 p.
1205 1168 1408 1211 1—151.
1471 1153 1675 1202 Scholiis

144 1229 404 1294 Porphyrii
451 1229 629 1277 litteris
677 1230 817 1278 modo
866 1230 1020 1294 nigris
1079 1229 1222 1277 modo
1282 1229 1441 1277 rubris
1500 1249 1676 1278 nomen

142 1307 493 1371 praescriptum
519 1313 589 1355 est
621 1309 884 1372 Πορφυριόυ
909 1307 1077 1370 <semel
1105 1308 1371 1371 Πορφυρίου
1397 1307 1566 1371 ζήτημα
1593 1309 1671 1358 fol.

151 1401 242 1444 140
282 1384 352 1448 b),
395 1403 502 1432 raro
545 1386 777 1433 omissum
817 1392 905 1433 est.
979 1384 1328 1449 Porphyrianis
1369 1386 1552 1449 passim
1595 1388 1674 1435 ad-

144 1464 300 1510 mixta
326 1471 441 1510 sunt
468 1469 695 1528 excerpta
721 1482 780 1511 ex
807 1463 1002 1511 scholiis
1022 1463 1201 1526 quibus
1227 1463 1580 1527 praescriptum
1601 1472 1676 1514 est

145 1542 416 1606 Σεναχειρήμ
445 1541 519 1588 vel
547 1543 797 1605 Σεναχηρίμ
825 1543 1118 1605 (Σεναχηρεῖμ
1144 1540 1193 1586 in
1221 1540 1320 1587 COd.
1344 1541 1495 1606 BsOsq.
1517 1543 1577 1589 ad
1602 1561 1675 1603 24,

148 1619 242 1683 24),
285 1637 460 1666 nomen
497 1619 791 1666 Hebraicum
827 1618 958 1683 apud
995 1618 1117 1666 alios
1155 1618 1295 1665 aliter
1333 1619 1579 1682 scriptum,
1616 1621 1676 1668 de

144 1715 239 1760 quo
276 1697 401 1744 dixit
437 1696 792 1745 Valckenarius
828 1714 874 1760 p.
911 1713 1014 1757 137,
1056 1696 1140 1760 qui
1176 1696 1350 1743 horum
1386 1697 1677 1746 scholiorum

145 1774 406 1839 specimina
431 1774 581 1822 edidit
602 1779 649 1822 et
667 1775 1041 1840 grammaticum
1065 1774 1195 1822 hunc
1216 1774 1372 1822 seculo
1393 1775 1676 1824 duodecimo

148 1851 226 1900 vel
267 1859 290 1899 t
322 1853 418 1900 rtio
468 1853 655 1900 decimo
704 1852 887 1900 vixisse
935 1853 1148 1908 coniecit,
1209 1870 1419 1916 quorum
1465 1853 1676 1902 alterum

145 1948 316 1978 verum
347 1949 450 1979 esse
484 1931 804 1979 ostenderunt
840 1931 1092 1995 Peyronus
1128 1919 1177 1977 in
1212 1930 1406 1978 iVotz'tz'cc
1442 1932 1678 1980 librorum

156 2009 200 2055 V
197 2009 430 2072 cclperyccc
463 2009 660 2057 Galus&
686 2028 729 2074 p.
762 2026 784 2056 2
795 2025 819 2069 3
856 2016 904 2057 et
939 2008 1285 2073 Bernhardyus
1318 2009 1368 2055 in
1399 2009 1524 2057 Hist.
1554 2010 1675 2059 Litt.

148 2086 229 2134 Gr.
262 2087 354 2135 vol.
388 2087 435 2143 ii,
482 2105 499 2134 1
540 2106 584 2152 p.
632 2104 738 2147 203.
811 2087 928 2134 Alia
970 2105 1030 2135 ex
1072 2086 1334 2135 Eustathio
1378 2095 1493 2135 sunt
1540 2089 1678 2137 illata

150 2163 247 2226 (fol.
276 2168 338 2224 84
363 2183 403 2221 a,
431 2168 491 2213 86
517 2184 559 2223 a,
589 2182 644 2224 91
678 2183 717 2221 a,
745 2181 804 2227 95
834 2165 877 2221 b,
920 2181 1007 2225 132
1037 2183 1077 2221 a,
1120 2182 1205 2224 142
1235 2182 1274 2220 a,
1318 2182 1409 2225 144
1434 2185 1473 2222 a,
1514 2184 1601 2226 152
1633 2186 1674 2225 a,

155 2258 240 2299 172
271 2241 335 2305 b),
360 2260 472 2289 cum
496 2242 724 2291 lemmate
754 2245 1021 2290 Εὐσταθιόυ.

214 2319 447 2367 Eiusdem
478 2327 527 2367 et
558 2320 736 2368 aetatis
773 2328 823 2368 et
855 2321 1048 2386 generis
1083 2321 1234 2369 codex
1274 2328 1349 2368 est
1385 2321 1678 2373 Harleianus

148 2397 309 2444 Musei
348 2398 614 2445 Britannici
643 2405 768 2460 5693
796 2399 1078 2446 chartaceus
1112 2398 1258 2445 seculi
1294 2401 1456 2462 quarti
1493 2402 1675 2458 decimi,

148 2475 232 2538 qui
268 2474 328 2521 ab
363 2475 649 2523 Scorialensi
685 2483 735 2523 et
772 2476 996 2524 Leidensi
1035 2494 1090 2523 eo
1129 2482 1323 2523 tantum
1360 2477 1521 2526 differt
1548 2481 1679 2544 quod

148 2552 327 2599 scholia
353 2553 612 2618 Porphyrii
639 2554 687 2600 in
714 2573 798 2601 sex
826 2553 1009 2618 primas
1029 2554 1310 2619 rhapsodias
1335 2556 1526 2619 copiosa
1550 2563 1677 2615 sunt,

148 2630 199 2676 in
223 2630 422 2694 reliquis
446 2649 560 2679 vero
587 2631 795 2695 plurima
820 2631 1008 2678 omissa.

217 2707 433 2766 Quintus
480 2707 690 2773 denique
737 2709 887 2756 codex
935 2715 1007 2756 est
1057 2709 1388 2759 Bibliothecae
1440 2712 1678 2761 Paulinae

150 2785 419 2849 Lipsiensis
453 2803 591 2848 1275,
616 2787 795 2851 partim
831 2787 1147 2850 bombycinus
1183 2789 1363 2852 partim
1399 2789 1679 2839 chartaceus

148 2863 294 2910 seculi
321 2864 483 2928 quarti
510 2865 696 2923 decimi,
724 2883 869 2930 quem
895 2872 1117 2913 accurate
1151 2865 1405 2931 descripsit·
1431 2867 1679 2916 Hoffman-

151 2958 243 2988 nus
279 2942 328 2988 in
365 2942 727 3007 Prolegomenis
764 2943 823 2991 ad
860 2943 1140 3007 rhapsodias
1177 2946 1219 2989 (Ι)
1249 2951 1299 2991 ct
1325 2945 1369 2989 X
1398 2964 1442 3009 p.
1468 2951 1626 3007 216-—5
1637 2962 1675 3006 5.
