1910 3216
708 99 1058 143 PRAEFATIO.
1581 105 1657 145 xiii

115 207 256 270 ταξαν
303 213 395 256 τοῖς
441 207 774 270 προβλήμασιν,
813 206 880 250 καὶ
923 205 1041 255 τινὰς
1076 205 1153 259 μὲν
1188 207 1354 252 τούτων
1390 208 1653 270 ἐγκρίνομεν,

115 283 234 333 τινας
268 283 312 329 δὲ
351 284 698 347 παραιτούμεθα,
742 283 822 332 τὰς
865 283 903 328 δ’
957 284 1079 329 αὐτοὶ
1129 284 1440 346 ἐξευρίσκομεν,
1482 283 1562 334 τὰς
1612 285 1655 330 δὲ

115 363 360 424 πειρώμεθα
387 360 583 424 διορθοῦν
606 360 675 407 καὶ
712 360 1045 426 ἐξεργάζεσθαι,
1070 358 1219 425 ὥσπερ
1244 368 1339 410 τοῖς
1365 361 1652 424 ἐντυγχάνου-

115 460 187 484 σιν
210 440 336 485 ἔσται
362 438 504 491 δῆλον.
577 438 733 502 Opere
764 438 968 502 integro,
994 437 1131 485 cuius
1169 455 1268 485 non
1303 444 1498 485 constat
1533 444 1652 502 quot

116 514 227 563 libri
264 515 459 571 fuerint,
492 515 568 563 usi
605 522 723 562 sunt
760 515 1045 563 scholiastae
1090 515 1305 572 Homeri,
1342 533 1463 580 quos
1500 516 1654 563 maxi-

116 611 246 641 mam
298 594 401 642 eius
459 600 648 658 partem
708 593 899 641 scholiis
958 594 1058 641 suis
1115 594 1375 642 inseruisse
1436 593 1653 642 ostendit

118 671 500 720 Gildersleevius
538 672 589 718 in
624 672 1030 719 commentatione
1069 671 1129 720 cle
1162 671 1444 736 Porphyrii
1478 672 1655 720 studiis

117 749 401 798 Homericis
422 749 687 814 Gottingae
707 749 842 797 edita
860 768 898 797 a.
927 767 944 796 1
958 751 981 796 8
991 765 1015 810 5
1025 766 1049 810 3
1072 749 1290 798 confecto
1309 749 1466 797 indice
1484 750 1653 798 scholi-

118 846 269 883 orum,
292 827 581 892 quibuscum
603 827 961 886 Quaestionum
983 826 1108 874 liber
1127 828 1312 891 primus
1332 827 1653 876 conferendus

117 907 182 953 sit
209 906 275 970 (p.
308 923 325 952 I
342 905 534 968 1—13),
564 904 743 968 quibus
773 904 1010 952 nonnulla
1039 905 1262 953 addenda
1287 923 1415 953 nunc
1439 906 1651 971 primum

118 1002 178 1030 ex
203 983 446 1031 codicibus
471 983 531 1030 ab
557 1001 633 1029 me
658 983 804 1030 edita.

185 1062 491 1126 Argumenta
522 1060 780 1125 ζητημάτων
811 1062 1056 1126 captiosae
1079 1063 1417 1127 praebuerunt
1442 1063 1652 1127 philoso-

117 1139 339 1203 phorum,
365 1139 691 1203 sophistarum
721 1145 772 1186 et
804 1140 1233 1203 grammaticorum
1257 1148 1481 1189 veterum
1507 1158 1653 1205 quae-

117 1217 298 1264 stiones
321 1233 428 1264 raro
452 1216 750 1264 fructuosam
775 1217 1036 1281 prodentes
1063 1218 1344 1275 doctrinam,
1370 1219 1651 1282 saepissime

118 1312 231 1342 vero
289 1295 350 1342 ad
405 1296 746 1342 ostentandam
800 1296 1025 1343 inutilem
1085 1297 1267 1361 ingenii
1326 1296 1653 1344 subtilitatem

119 1372 443 1437 excogitatae,
469 1373 528 1419 de
553 1390 649 1436 quo
686 1372 978 1436 explicatius
1013 1374 1142 1421 dixit
1178 1374 1407 1422 Lehrsius
1443 1374 1495 1420 in
1531 1373 1653 1421 libro

117 1450 177 1497 de
227 1450 402 1497 studiis
450 1449 719 1497 Aristarchi
766 1469 812 1514 p.
857 1468 945 1510 199
983 1470 1115 1516 seqq.
1159 1452 1455 1499 enumeratis
1503 1452 1651 1499 etiam

116 1546 237 1592 qUOS
272 1528 498 1574 nOVlmUS
536 1527 808 1592 ζητημάτων,
835 1531 1182 1593 προβλημάτων,
1208 1532 1400 1594 ἀποριῶν
1429 1529 1506 1578 vel
1543 1531 1654 1576 ἆπο-

116 1605 319 1670 ρημάτων
355 1605 665 1668 scriptoribus
704 1605 816 1652 inde
849 1605 909 1653 ab
945 1606 1211 1655 Aristotele
1247 1625 1402 1671 usque
1439 1607 1501 1654 ad
1538 1607 1652 1654 Por-

118 1683 349 1747 phyrium
386 1701 429 1746 p.
473 1699 748 1741 221—223,
785 1683 922 1730 cuius
958 1701 1019 1730 ex
1055 1683 1233 1732 schoh'o
1270 1684 1332 1732 ad
1368 1684 1427 1731 Il.
1467 1701 1508 1744 9,
1543 1689 1653 1741 688,

117 1759 208 1807 vol.
262 1777 286 1820 3
336 1778 381 1824 p.
434 1763 544 1820 418,
592 1760 873 1825 primariam
932 1761 1106 1809 horum
1154 1761 1430 1810 studiorum
1490 1763 1650 1810 sedem

118 1838 347 1885 Museum
392 1837 783 1886 Alexandrinum
820 1838 969 1886 fuisse
1009 1839 1252 1895 discimus,
1289 1842 1331 1885 ἐν
1365 1844 1428 1899 τῷ
1465 1843 1650 1900 μουσείῳ

115 1921 177 1974 τῷ
203 1915 313 1962 κατὰ
338 1916 681 1980 Ἀλεξάνὸρειαν
707 1918 832 1971 νόμος
866 1918 913 1970 ἧν
938 1917 1286 1980 προβάλλεσθαι
1324 1916 1556 1980 ζητήματα
1581 1919 1647 1963 καὶ

114 1993 193 2043 τὰς
219 1996 443 2054 γινομένας
466 1996 610 2044 λύσεις
634 1994 991 2059 ἀναγράφεσθαι,

184 2070 299 2117 Alia
324 2089 384 2118 ex
404 2070 594 2118 duobus
616 2070 723 2118 aliis
750 2072 1010 2138 Porphyrii
1031 2073 1166 2121 libris
1191 2073 1451 2138 aliquoties
1471 2074 1649 2122 diserte

115 2148 377 2195 nominatis
414 2157 761 2213 excerpserunt
793 2150 1093 2208 scholiastae,
1119 2153 1217 2215 περὶ
1242 2157 1327 2199 τῶν
1354 2158 1651 2216 παραλελειμ-

115 2228 247 2281 μένων
282 2231 345 2285 τῷ
376 2231 535 2288 ποιητῇ
573 2228 796 2281 ὀνομάτων
833 2235 883 2275 Of,
915 2231 1013 2292 περὶ
1050 2230 1342 2290 ἀγαλμάτων,
1375 2230 1435 2277 tle
1472 2229 1650 2294 qulbus

117 2303 219 2351 dixi
256 2303 305 2350 in
342 2303 501 2352 Praef.
534 2304 625 2352 vol.
662 2323 675 2352 1
711 2324 753 2369 p.
784 2305 871 2353 xiii
909 2307 1239 2370 dixeruntque
1268 2306 1649 2355 Gildersleevius

117 2399 160 2445 p.
206 2398 262 2440 14
301 2399 429 2445 seqq.
468 2389 518 2429 et
555 2381 864 2430 Hermannus
902 2384 1201 2431 Schradcrus
1251 2384 1302 2431 in
1346 2385 1649 2433 Praefatione

117 2458 405 2505 scholiorum
432 2459 691 2523 Porphyrii
719 2461 778 2507 ad
804 2461 1113 2524 rhapsodiam
1143 2462 1338 2509 tertiam
1364 2462 1645 2527 Hamburgi

116 2534 360 2582 editorum
384 2555 425 2584 a..
465 2541 600 2595 1872,
628 2556 672 2601 p.
708 2555 744 2592 1,
775 2555 816 2584 2.

185 2612 314 2660 Sat1s
350 2614 511 2678 ampla
546 2615 700 2679 igitur
736 2623 906 2680 parata
941 2623 1013 2664 est
1051 2618 1266 2672 materia,
1304 2635 1364 2664 ex
1401 2636 1497 2682 qua
1534 2619 1650 2666 Por-

117 2689 280 2754 phyrii
323 2692 590 2745 Ζητημάτων
631 2692 738 2739 libri
782 2711 931 2757 prope
978 2694 1159 2758 integri
1208 2695 1387 2742 iterum
1435 2696 1648 2743 construi

118 2768 305 2832 possint
353 2770 592 2833 segregati
632 2770 691 2817 ab
727 2770 932 2818 aliorum
980 2771 1269 2836 quibuscum
1312 2773 1362 2820 in
1405 2773 1650 2821 codicibus

119 2845 262 2892 mixti
298 2846 522 2894 feruntur
548 2848 913 2896 scholiastarum
940 2850 1312 2897 commentariis.
1383 2850 1459 2897 Ad
1486 2850 1651 2897 huius-

120 2922 252 2969 modi
294 2930 458 2972 autem
496 2925 757 2973 editionem
795 2928 1193 2991 praeparandam,
1220 2936 1275 2975 ut
1304 2935 1432 2976 recte
1460 2928 1649 2975 monuit
