1910 3216
173 96 243 135 xiv
767 95 1116 136 PRAEFATIO.

177 197 486 253 Schraderus,
525 197 703 246 scholia
739 199 1042 262 singulorum
1079 206 1129 246 et
1167 198 1335 246 Iliadis
1372 207 1424 246 et
1461 199 1705 263 Odysseae

175 276 396 324 codicum
421 282 536 322 sunt
561 275 921 333 consideranda,
949 278 1000 323 in
1025 276 1202 340 quibus
1228 276 1408 324 scholia
1445 276 1706 340 Porphyrii

175 354 355 419 partim
396 353 589 417 integra
625 353 804 417 partim
841 354 1225 417 compendifacta
1261 372 1347 401 nec
1382 372 1488 401 raro
1531 354 1706 400 omisso

176 430 386 479 auctoris
411 430 604 478 nomine
630 431 877 496 leguntur,
902 431 1135 479 admixtis
1170 432 1316 479 etiam
1352 431 1523 479 multis
1558 449 1655 478 non
1679 449 1707 477 a

177 509 447 573 Porphyrio
497 508 701 572 scriptis,
747 508 829 555 sed
877 508 1075 556 aliunde
1117 509 1282 566 illatis,
1326 510 1385 557 de
1435 527 1530 573 quo
1578 508 1705 556 dixit

177 585 569 649 WVollenbergius
617 586 667 631 in
715 585 1058 634 dissertatione
1107 586 1164 634 de
1206 586 1486 650 Porphyrii
1526 586 1706 634 studiis

169 663 439 728 plm'loloffl's,
503 663 717 711 Berolini
777 663 909 711 edita
955 682 993 711 a.
1052 668 1191 725 1854.
1286 665 1376 711 His
1435 664 1707 711 rationibus

177 743 353 790 ductus
389 741 568 789 scholia
604 741 941 805 Porphyriana
974 742 1137 806 qualia
1172 742 1223 789 in
1260 742 1419 790 codice
1444 742 1638 790 Veneto
1665 741 1704 788 Β

176 819 409 884 leguntur
441 819 586 874 edidi,
624 826 682 866 ut
717 837 826 866 cum
863 819 1069 867 aliorum
1101 819 1319 867 codicum
1356 819 1546 868 scholiis
1581 837 1706 867 com-

179 897 317 945 mode
339 897 606 961 comparari
625 897 826 960 possint,
857 897 944 960 qui
968 915 1265 961 magnopere
1303 898 1431 945 inter
1455 915 1504 945 se
1531 897 1705 944 discre-

178 981 312 1039 pant,
338 975 533 1022 scholiis
565 974 642 1021 Vel
677 974 820 1022 aliter
844 975 1034 1038 scriptis
1060 974 1134 1021 vel
1173 975 1353 1023 additis
1389 975 1467 1022 vel
1505 975 1703 1029 omissis,

175 1052 255 1100 vel
291 1070 351 1100 ex
387 1052 494 1099 aliis
530 1052 645 1099 locis
681 1052 731 1098 in
767 1052 885 1099 alios
922 1051 1186 1108 translatis,
1213 1052 1456 1100 interdum
1483 1053 1604 1100 adeo
1642 1070 1704 1100 ex

177 1130 332 1178 Iliade
370 1130 419 1177 in
459 1129 721 1194 Odyssean]
749 1129 821 1177 vel
858 1130 961 1177 vice
994 1148 1148 1185 versa,
1173 1136 1230 1177 ut
1266 1148 1325 1177 ex
1361 1130 1705 1194 speciminibus

176 1209 380 1256 aliorum
429 1208 648 1255 codicum
697 1208 1000 1256 intellectum
1047 1215 1134 1264 est,
1184 1226 1307 1272 quae
1356 1226 1417 1256 ex
1464 1207 1704 1255 codicibus

177 1286 413 1350 pluribus,
455 1285 677 1349 inprimis
718 1285 1005 1333 Scorialensi
1047 1287 1098 1341 Ω,
1142 1302 1179 1341 1,
1221 1303 1261 1342 2,
1304 1285 1361 1332 de
1412 1303 1508 1349 quo
1556 1302 1704 1348 supra

179 1363 408 1419 dicebam,
447 1362 575 1411 edidi
611 1364 661 1410 111
698 1363 951 1428 Philologo
988 1381 1027 1410 a.
1073 1367 1211 1419 1861,
1248 1362 1341 1410 vol.
1376 1366 1429 1409 18
1469 1379 1512 1426 p.
1543 1379 1703 1423 342—

181 1458 205 1500 3
215 1459 288 1501 52,
316 1447 366 1488 61
391 1440 547 1505 magis
575 1440 881 1505 intelligetur
909 1459 968 1488 ex
996 1440 1213 1505 pleniore
1245 1440 1510 1504 scripturae
1546 1439 1704 1487 diver-

178 1519 325 1567 sitate
351 1519 402 1565 111
426 1519 844 1566 Annotationibus
867 1518 1190 1582 proponenda.

246 1596 546 1644 Scholiorum
571 1596 744 1643 codicis
770 1595 952 1643 Veneti
976 1596 1016 1642 Β
1043 1595 1339 1643 edendorum
1364 1595 1559 1642 initium
1589 1595 1705 1643 fecit

180 1674 422 1722 Antonius
461 1674 816 1738 Bongiovanni,
855 1691 1005 1737 quum
1042 1672 1223 1720 scholia
1258 1672 1371 1719 libri
1413 1672 1557 1736 primi
1595 1690 1704 1720 curn

177 1751 499 1807 Praefatione‚
519 1750 917 1798 annotationibus
943 1751 1206 1798 maximam
1231 1756 1419 1814 partem
1447 1750 1704 1797 inutilibus

179 1837 229 1877 et
276 1829 679 1893 interpretatione
718 1829 836 1875 adeo
879 1828 1056 1874 Latina
1095 1827 1320 1875 Venetiis
1368 1827 1530 1874 ederet
1566 1845 1703 1874 anno

186 1924 324 1967 1740,
361 1906 448 1954 sed
494 1906 754 1953 admodum
797 1906 1104 1969 negligenter
1144 1923 1231 1953 nec
1267 1904 1512 1952 distinctis
1546 1905 1704 1952 tribus

180 1985 467 2033 scholiorum
493 1983 724 2031 classibus
750 1990 797 2030 et
824 1983 1012 2030 omissis
1038 1982 1227 2030 scholiis
1252 2000 1349 2030 non
1375 1982 1556 2046 paucis,
1576 1983 1705 2030 inter

180 2080 304 2127 quae
333 2068 450 2109 sunt
486 2061 822 2125 Porphyriana
857 2078 954 2107 non
989 2060 1143 2107 solum
1171 2059 1390 2123 longiora
1419 2059 1593 2118 omnia,
1621 2060 1706 2108 sed

178 2140 328 2187 etiam
374 2140 596 2186 breviora
654 2137 807 2202 plura.
906 2137 1096 2186 Scholia
1142 2137 1305 2202 qualia
1363 2137 1703 2202 Bongiovanni

179 2217 409 2272 ediderat,
435 2217 520 2264 sed
554 2217 734 2264 additis
770 2216 959 2263 scholiis
983 2216 1198 2280 vulgatis
1228 2234 1325 2263 non
1355 2214 1507 2262 solum
1541 2215 1702 2271 huius,

180 2295 264 2342 sed
304 2294 449 2341 etiam
498 2294 734 2341 secundae
776 2293 1061 2358 rhapsodiae
1109 2293 1299 2340 scholiis
1347 2299 1398 2340 et
1445 2293 1702 2357 utriusque

181 2372 468 2436 Paraphrasi
506 2372 687 2420 Graeca
723 2372 1058 2436 Franequerae
1097 2390 1138 2418 a.
1172 2376 1260 2433 178
1270 2388 1310 2432 3,
1344 2371 1577 2435 repetivit
1614 2371 1701 2419 Ev.

180 2448 620 2513 NVassenberghius
655 2468 763 2497 cum
800 2450 1197 2498 annotationibus
1233 2449 1527 2497 doctioribus
1556 2467 1702 2512 quam

182 2528 523 2591 Bongiovanni
572 2528 836 2592 scripserat.
913 2528 1031 2576 Post
1066 2529 1152 2576 hos
1188 2527 1485 2575 Villoisonus
1521 2526 1702 2574 scholia

180 2604 396 2651 codicum
419 2604 589 2652 Veneti
609 2606 655 2652 A
678 2605 812 2669 (454)
833 2612 883 2654 et
903 2605 943 2653 Β
966 2605 1045 2669 (45
1055 2606 1101 2669 3)
1122 2612 1172 2652 et
1194 2604 1458 2669 Lipsiensis
1478 2603 1701 2652 Venetiis

181 2681 337 2728 edidit
361 2700 399 2729 a.
434 2686 570 2740 1788,
596 2689 645 2730 61
669 2683 864 2731 Veneta
899 2683 1097 2748 quidem
1134 2683 1176 2730 Β
1213 2682 1381 2730 eadem
1416 2682 1514 2729 fere
1550 2681 1703 2745 negli-

181 2759 347 2821 gentia
370 2778 467 2823 qua
491 2760 670 2809 scholia
693 2762 980 2826 rhapsodiae
1005 2762 1189 2826 primae
1213 2766 1326 2807 ante
1352 2777 1459 2807 eum
1482 2758 1701 2806 ediderat

181 2836 532 2899 Bongiovanni.
594 2840 722 2887 Nam
748 2841 850 2905 ipse
872 2857 1067 2904 quoque
1090 2845 1190 2886 tres
1215 2837 1501 2886 scholiorum
1528 2836 1700 2884 classes

181 2913 251 2960 ita
288 2916 567 2977 permiscuit
603 2923 660 2965 ut
698 2935 936 2981 nusquam
973 2917 1091 2981 quid
1127 2914 1334 2980 singulis
1371 2914 1598 2962 classibus
1635 2915 1697 2961 sit
