1910 3216
181 114 209 138 x
772 94 1121 135 PRAEFATIO.

187 201 410 266 Heynius
455 199 548 247 vol.
598 199 661 247 iii.
711 217 754 263 p.
803 216 873 246 cv.
958 198 1105 245 Foliis
1151 203 1342 244 constat
1393 200 1478 245 281
1533 197 1713 244 formae

187 278 457 343 quadratae
516 277 723 333 maioris,
782 276 960 323 litteris
1017 275 1225 339 scriptus
1283 292 1431 338 quam
1494 274 1715 321 Venetus

187 357 230 404 Β
265 356 429 420 paullo
465 354 747 410 minoribus,
785 370 993 418 quarum
1030 353 1269 416 specimen
1305 354 1400 413 (17,
1431 351 1713 414 478—484)

188 435 442 498 proposuit
483 433 710 496 Heynius
745 432 795 478 in
836 430 932 478 fine
966 430 1225 477 voluminis
1261 429 1405 494 primi
1446 429 1613 476 tabula
1650 430 1710 477 D.

189 512 406 560 Omissus
465 518 540 559 est
602 510 801 557 navium
859 507 1108 571 catalogus
1166 507 1218 554 in
1276 506 1373 554 fine
1429 507 1715 571 rhapsodiae

188 589 438 645 secundae,
480 588 566 652 qui
605 604 836 634 versuum
878 592 952 632 est
1003 588 1106 644 384.
1181 584 1371 632 Scholia
1414 584 1716 648 marginibus

188 668 433 731 adscripta
471 666 684 713 maxima
726 682 787 711 ex
830 669 968 727 parte
1009 662 1176 710 eadem
1219 668 1335 709 sunt
1375 679 1498 725 quae
1535 662 1715 709 Veneti

189 747 242 802 B,
302 745 394 792 etsi
451 744 608 791 multa
661 760 771 789 cum
835 740 1116 787 diversitate
1169 739 1446 803 scripturae,
1505 757 1565 786 ex
1618 757 1715 802 qua

189 823 438 870 interdum
467 821 645 869 scholia
670 820 857 868 Veneta
893 818 1065 882 corrigi
1102 823 1319 881 possunt.
1390 816 1501 864 Alia
1538 816 1716 864 scholia

189 919 285 949 non
309 918 462 965 pauca
486 918 547 946 ex
571 898 676 946 aliis
709 897 1000 945 scholiorum
1036 895 1397 944 collectionibus
1431 894 1567 942 illata
1603 900 1715 942 sunt

189 997 331 1043 saepe
368 996 478 1025 cum
502 977 694 1024 Veneto
722 979 765 1022 A
791 974 1158 1030 consentientia,
1191 973 1285 1020 alia
1322 972 1528 1036 denique
1564 990 1715 1036 eaque

188 1056 369 1121 partim
408 1054 650 1118 exquisita
687 1052 779 1100 sibi
822 1052 1016 1116 propria
1062 1051 1220 1107 habet,
1258 1051 1317 1098 de
1359 1050 1535 1114 quibus
1575 1050 1716 1115 plura

189 1134 391 1181 dicenda.
433 1137 576 1180 erunt-
618 1131 667 1177 in
706 1129 1132 1178 Annotationibus.
1206 1127 1448 1192 Excerpta
1489 1146 1548 1175 ex
1583 1134 1715 1175 vete-

188 1230 297 1258 rum
366 1210 639 1257 criticorum
708 1206 1150 1255 Alexandrinorum
1218 1206 1553 1254 notationibus
1623 1207 1716 1253 etsi

191 1289 312 1336 liber
337 1286 677 1334 Townleianus
713 1284 867 1331 multo
900 1283 1041 1348 plura
1077 1283 1272 1348 praebet
1303 1301 1447 1347 quam
1478 1283 1715 1339 VenetuS,

189 1372 352 1412 tamen
378 1364 483 1428 ipsa
508 1379 702 1426 quoque
727 1360 862 1408 nullo
888 1366 1018 1407 certo
1044 1360 1241 1407 consilio
1272 1360 1459 1407 delecta
1483 1367 1534 1407 et
1560 1360 1716 1426 longis

189 1460 329 1507 saepe
379 1441 656 1504 interrupta
702 1445 817 1486 sunt
868 1437 1154 1485 intervallis.
1248 1438 1396 1484 Porro
1443 1455 1550 1485 rara
1601 1446 1717 1487 sunt

189 1521 240 1567 in
293 1519 451 1567 codice
501 1516 806 1565 Townleiano
857 1522 905 1563 et
960 1515 1137 1579 partim
1186 1532 1213 1561 a
1259 1533 1408 1562 manu
1456 1517 1716 1564 recentiore

192 1600 368 1664 scripta
415 1597 595 1646 scholia
646 1595 980 1659 Porphyriana
1036 1595 1268 1652 breviora,
1329 1594 1546 1659 longiora
1602 1613 1717 1642 vero

191 1678 351 1726 omnia
393 1676 582 1723 omissa.
654 1675 712 1721 In
755 1673 947 1721 scholiis
990 1673 1142 1737 igitur
1178 1672 1524 1742 Por13l13⁷rianis
1560 1673 1716 1720 tribus

189 1756 355 1820 potius
380 1753 488 1801 aliis
513 1751 753 1800 codicibus
777 1751 1015 1799 utendum
1046 1757 1134 1808 est,
1164 1750 1463 1807 Scorialensi‚
1492 1751 1717 1799 Leidensi

189 1842 240 1881 et
277 1832 555 1887 HarleianO,
592 1847 797 1895 quorum
836 1846 923 1893 ope
962 1828 1079 1876 haec
1118 1828 1296 1875 scholia
1334 1845 1484 1891 prope
1524 1828 1717 1893 integra

191 1910 409 1976 componi
459 1915 678 1973 possunt,
728 1906 1024 1971 praescripto
1073 1906 1220 1953 etiam
1272 1905 1460 1953 scholiis
1508 1906 1716 1970 singulis

191 1988 447 2054 Porphyrii
484 1987 691 2043 nomine,
734 1985 865 2050 quod
913 2002 1001 2049 ego
1051 2003 1111 2031 ex
1158 1984 1217 2031 iis
1265 1983 1443 2047 ubique
1491 1984 1717 2048 supplevi

191 2074 241 2115 et
287 2067 392 2114 aliis
440 2065 555 2112 locis
603 2063 838 2128 pluribus,
880 2080 1000 2126 quos
1045 2063 1176 2126 ipsos
1224 2078 1414 2125 quoque
1456 2061 1715 2125 Porphyrii

191 2162 292 2192 esse
334 2143 648 2191 manifestum
691 2148 778 2198 est,
818 2158 878 2188 ex
915 2140 1190 2188 coniectura
1228 2138 1556 2202 supplendum
1595 2140 1715 2187 erit:

191 2240 303 2269 nam
346 2222 395 2268 in
436 2220 594 2268 codice
637 2219 827 2265 Veneto
871 2218 911 2265 B
958 2235 1199 2280 nusquam
1240 2222 1457 2280 apparet,
1501 2217 1718 2280 except-is

190 2300 373 2364 aliquot
410 2297 598 2346 scholiis
635 2297 814 2361 quibus
850 2295 1190 2359 compendium
1223 2315 1298 2357 πρ,
1329 2294 1588 2357 Πορφυρίου
1624 2294 1718 2358 sig-

192 2377 402 2432 nificans,
438 2375 792 2440 praescriptum
830 2380 916 2429 est,
952 2373 1011 2420 de
1047 2390 1142 2436 quo
1180 2370 1279 2417 dixi
1316 2370 1366 2416 in
1401 2371 1538 2418 initio
1575 2389 1717 2418 anno-

192 2456 434 2502 tationum
459 2453 550 2501 vol.
585 2469 608 2513 3
636 2470 680 2516 p.
716 2470 730 2498 1
764 2458 813 2498 et
841 2468 914 2511 33.

262 2530 582 2580 Scorialenses
607 2529 792 2578 codices
818 2535 933 2576 sunt
961 2528 1071 2583 duo,
1095 2533 1301 2590 uterque
1326 2524 1720 2572 membranaceus

193 2608 342 2655 seculi
376 2607 632 2655 undecimi.
706 2606 844 2654 Prior
884 2606 958 2669 (Y,
992 2622 1028 2660 1,
1062 2622 1076 2651 1
1110 2603 1160 2650 in
1195 2602 1373 2650 Milleri
1405 2601 1637 2666 Catalogo
1670 2620 1716 2666 p.

196 2685 307 2748 260)
348 2685 509 2748 paullo
546 2685 794 2749 antiquior
821 2690 895 2731 est
925 2682 1079 2729 altero
1106 2682 1178 2744 (Ω,
1213 2697 1251 2736 1,
1282 2697 1304 2726 2
1332 2679 1384 2725 in
1411 2678 1642 2742 Catalogo
1667 2697 1717 2743 p.

195 2764 325 2825 462),
355 2763 437 2809 sed
462 2762 641 2809 scholia
676 2761 893 2809 continet
929 2758 1191 2823 Porphyrii
1228 2757 1527 2819 aliorumque
1563 2756 1720 2803 multo

196 2839 423 2902 pauciora
448 2856 593 2902 quam
630 2838 762 2894 alter,
789 2837 874 2902 qui
908 2836 1131 2883 foliorum
1158 2841 1232 2882 est
1260 2836 1354 2880 216
1380 2832 1560 2879 formae
1585 2849 1721 2878 max-

195 2915 317 2961 imae
360 2922 409 2961 ct
450 2915 794 2978 amplissimam
842 2912 1042 2979 praebet
1083 2911 1379 2959 scholiorum
1429 2908 1720 2973 Porphyria-
