1881 3216
525 784 1126 849 PRAEFATIO.

128 1014 321 1062 TERTIO
362 1014 451 1062 hoc
492 1020 766 1078 quartoque
808 1007 1055 1059 volumine
1098 1006 1277 1058 scholia
1318 1005 1596 1070 complexus

61 1110 165 1140 sum
214 1093 464 1157 tripertita
508 1091 684 1140 codicis
732 1090 916 1138 Veneti
963 1087 1201 1136 Marciani
1248 1104 1278 1147 4
1286 1102 1360 1148 53,
1410 1083 1497 1148 qui
1543 1081 1596 1128 in

60 1170 353 1218 membranis
400 1170 615 1234 scriptus
668 1174 743 1216 est
797 1167 956 1215 seculo
1009 1166 1266 1214 undecimo
1317 1162 1445 1210 foliis
1502 1162 1594 1220 338

61 1247 242 1296 formae
278 1248 534 1305 maximae,
567 1246 808 1311 scriptura
843 1244 1055 1310 eleganti
1089 1243 1320 1306 lectuque
1354 1239 1595 1291 facillima,

62 1326 200 1373 cuius
224 1326 468 1391 specimen
493 1323 935 1390 photographicum
966 1322 1078 1370 huic
1112 1320 1317 1369 editioni
1350 1318 1595 1366 adiectum

65 1410 140 1451 est
164 1422 395 1452 versuum
419 1421 458 1467 7,
482 1418 755 1465 395-413.
817 1401 986 1449 Codex
1012 1400 1143 1448 omni
1164 1418 1224 1447 ex
1249 1404 1388 1463 parte
1406 1396 1600 1460 integer

64 1489 152 1540 est,
190 1482 284 1529 nisi
320 1481 452 1546 quod
494 1480 600 1528 folii
644 1479 789 1544 primi
825 1478 1067 1542 scriptura
1110 1478 1180 1524 ita
1218 1483 1292 1524 est
1328 1475 1507 1523 detrita
1542 1478 1600 1520 ut

65 1559 222 1607 multa
241 1560 384 1607 hodie
410 1558 507 1624 legi
537 1563 796 1622 nequeant,
817 1563 874 1603 ut
894 1556 1059 1603 videre
1084 1555 1196 1602 licet
1221 1553 1311 1601 vol.
1338 1569 1361 1613 3
1384 1571 1428 1617 p.
1454 1569 1478 1612 3
1500 1558 1549 1598 et
1568 1567 1599 1610 4

65 1655 110 1702 p.
140 1643 247 1698 362,
274 1636 403 1684 foliis
428 1642 593 1683 autem
620 1639 698 1693 68,
728 1640 789 1694 69
818 1634 897 1697 (ΙΙ.
928 1649 969 1695 5,
999 1632 1280 1695 259—355)
1306 1638 1356 1679 et
1389 1644 1474 1690 145
1504 1628 1603 1691 (11,

73 1721 259 1777 167—2
275 1732 289 1761 1
306 1715 351 1777 7)
370 1713 545 1761 ablatis
570 1713 665 1760 tria
684 1712 958 1760 substituta
981 1717 1099 1759 sunt
1122 1727 1296 1757 manus
1321 1706 1600 1756 recentioris

67 1793 191 1849 folia,
233 1811 358 1857 quae
399 1791 584 1856 primae
627 1808 800 1838 manus
843 1788 1035 1837 scholiis
1076 1788 1302 1836 omnibus
1334 1788 1386 1834 in
1421 1784 1600 1839 codice,

68 1889 221 1934 quum
253 1870 412 1917 adhuc
448 1869 638 1934 integer
674 1875 814 1924 esset,
841 1868 1048 1932 repertis
1084 1872 1262 1923 carent,
1287 1882 1462 1912 manus
1485 1880 1600 1910 vero

67 1948 274 1996 recentis
311 1947 489 1995 scholia
522 1947 571 1993 in
606 1946 733 1993 foliis
767 1950 828 1994 68
855 1952 905 1993 et
931 1952 992 2005 69
1020 1963 1193 1992 novem
1220 1943 1332 2007 (vol.
1366 1959 1390 2002 3
1419 1960 1464 2006 p.
1495 1957 1601 2001 244,

71 2042 279 2088 5—247,
309 2025 404 2088 20),
432 2025 483 2072 in
516 2024 629 2072 folio
663 2039 748 2085 145
789 2030 1026 2088 quattuor
1059 2022 1171 2086 (vol.
1202 2039 1226 2082 3
1260 2040 1303 2086 p.
1333 2026 1444 2081 463,
1476 2036 1604 2080 30—

69 2110 180 2164 464,
208 2103 281 2167 12)
304 2103 514 2151 habent:
553 2119 698 2166 quem
724 2102 972 2149 defectum
992 2100 1231 2148 recentior
1250 2098 1424 2163 aliquis
1443 2115 1601 2162 grain-

70 2182 276 2229 maticus
297 2181 500 2238 insertis,
523 2180 688 2244 qualia
708 2180 855 2227 etiam
881 2179 996 2226 alibi
1019 2179 1148 2226 inter
1168 2177 1405 2226 secundae
1431 2193 1602 2223 manus

72 2259 251 2307 scholia
282 2260 331 2306 in
356 2260 444 2307 hoc
469 2259 631 2306 codice
660 2259 839 2322 passim
866 2258 1189 2321 reperiuntur,
1216 2254 1513 2319 longioribus
1549 2271 1609 2300 cx

71 2337 286 2402 Diogene
313 2336 508 2384 Laertio
545 2343 595 2383 et
633 2336 785 2384 Suida
821 2335 1066 2399 excerptis
1103 2333 1327 2397 explevit
1362 2332 1603 2395 longaque

70 2415 130 2462 de
166 2415 257 2462 diis
294 2414 576 2478 deabusque
615 2414 864 2460 hominum
903 2413 1059 2459 instar
1093 2411 1363 2458 vulneratis
1400 2409 1476 2456 vel
1513 2409 1607 2456 alia

71 2492 198 2540 mala
247 2493 399 2557 passis
442 2492 771 2556 disputatione
813 2491 874 2537 ad
920 2507 1117 2537 versum
1169 2505 1209 2550 5,
1261 2494 1370 2549 336,
1415 2487 1529 2549 (vol.
1577 2503 1602 2546 3

72 2588 116 2634 p.
164 2587 271 2631 244,
323 2586 564 2632 21—247,
618 2571 677 2633 7),
729 2587 853 2633 quae
902 2575 1009 2616 tota
1057 2567 1378 2631 transscripta
1425 2572 1500 2613 cst
1547 2584 1609 2612 ex

74 2648 313 2695 Heracliti
354 2649 664 2711 Ἀλληγοριάις
697 2648 949 2710 Ὀμηρικαῖς
991 2664 1025 2693 C.
1074 2662 1281 2706 30-34,
1319 2651 1369 2691 Ob
1403 2644 1608 2690 fm't‘dsse

74 2725 197 2773 lecta
229 2725 327 2772 fuit
360 2726 409 2772 in
446 2725 662 2789 margine
701 2725 940 2772 exteriore
975 2724 1077 2771 folii
1116 2723 1293 2787 perditi
1327 2728 1388 2782 69
1414 2722 1445 2767 b
1483 2721 1610 2768 inter

74 2803 168 2851 alia
211 2821 268 2850 ex
320 2803 588 2868 Porphyrio
637 2811 688 2850 et
735 2803 985 2850 Heraclito
1035 2809 1279 2866 excerpta,
1326 2801 1385 2847 de
1433 2800 1610 2864 quibus

77 2880 201 2927 infra
225 2881 413 2929 dicetur
437 2900 482 2946 p.
508 2881 588 2927 vii.

145 2957 311 3006 Trium
352 2966 518 3006 autem
560 2976 681 3022 quas
723 2958 866 3006 niodo
910 2958 1127 3006 dicebam
1169 2956 1393 3005 classium
1431 2954 1610 3003 scholia
