1910 3216
156 104 215 143 xii
751 102 1100 143 PRAEFATIO.

166 208 358 256 Scholia
394 215 505 272 post
535 207 866 262 Villoisonum‚
895 206 980 270 qui
1011 205 1226 270 Bergleri
1260 204 1536 271 apographo
1574 221 1689 252 usus

167 292 271 334 erat
305 286 354 332 in
391 285 695 333 Bibliotheca
732 283 1098 348 Hamburgensi
1139 289 1397 339 asservato,
1436 301 1495 330 ex
1531 283 1690 330 codice

168 364 271 427 ipso
296 363 452 410 edidit
477 362 816 409 Bachmannus
847 361 1041 424 Lipsiae
1067 378 1106 408 a.
1140 364 1193 408 18
1202 377 1225 421 3
1236 376 1274 422 5.
1346 361 1461 407 Post
1495 360 1691 423 rhapso-

168 440 297 487 diam
327 441 386 496 ΙΙ,
411 440 495 487 ubi
519 439 633 486 folia
656 456 830 486 manus
855 437 1134 485 recentioris
1159 438 1407 485 chartacea
1432 436 1688 500 incipiunt,

169 518 347 566 scholia
384 522 635 564 rarescunt
678 522 728 563 et
770 515 830 562 ad
871 515 1096 562 ultimam
1143 515 1446 580 rhapsodiam
1498 531 1693 578 prorsus

169 595 413 643 deficiunt.
487 594 679 642 Scholia
726 592 1095 657 rhapsodiarum
1137 593 1302 637 A—H
1345 591 1543 638 millena
1577 597 1694 638 sunt

170 673 337 720 eadem
374 690 498 737 quae
534 671 718 719 Veneti
757 670 810 726 B,
844 687 1051 734 quocum
1087 670 1236 717 etiam
1271 669 1451 717 scholia
1486 668 1695 732 plurima

171 768 342 798 manus
367 750 542 797 tertiae
568 748 841 796 communia
865 748 1023 804 habet,
1049 754 1099 795 et
1124 747 1430 803 Townleiani,
1450 764 1559 794 rara
1581 763 1696 793 vero

170 829 390 876 breviora
415 846 475 875 ex
509 826 781 891 Porphyrio
818 832 1059 890 excerpta,
1086 825 1232 873 tacito
1268 825 1553 889 plerumque
1590 841 1697 870 auc-

171 907 289 954 toris
347 907 552 952 nomine.
647 903 773 951 Nam
826 904 1044 968 longiora
1102 902 1360 967 Porphyrii
1418 901 1596 950 scholia
1648 907 1698 948 et

171 990 401 1048 excerpta
437 1001 497 1030 ex
535 981 783 1029 Heraclito
826 982 875 1028 in
917 981 1075 1028 codice
1124 979 1364 1045 Lipsiensi
1405 997 1502 1027 non
1543 980 1698 1044 magis

172 1063 405 1127 leguntur
442 1079 589 1125 quam
629 1061 681 1107 in
723 1059 1028 1107 Townleiano
1070 1065 1120 1106 et
1167 1058 1443 1107 Florentino
1485 1058 1698 1105 Lauren—

172 1141 306 1187 tiano
330 1139 485 1204 plutei
510 1139 659 1195 xxxii,
692 1155 732 1198 3,
757 1137 907 1186 seculi
931 1137 1182 1184 undecimi.

244 1218 415 1281 Operis
440 1217 604 1281 ipsius,
635 1234 695 1263 ex
722 1234 818 1280 quo
844 1215 961 1262 haec
985 1215 1202 1262 codicum
1228 1220 1457 1278 excerpta
1482 1214 1702 1262 derivata

175 1302 305 1351 sunt,
330 1313 358 1342 a
383 1294 657 1358 Porphyrio
690 1292 958 1348 Ζητημάτων
979 1294 1222 1354 Ὁμηρικῶν
1247 1292 1440 1339 nomine
1465 1291 1701 1355 inscripti,

176 1373 362 1438 primus
388 1378 581 1419 tantum
605 1371 748 1419 hodie
778 1377 1003 1435 superest
1037 1370 1170 1428 liber,
1198 1376 1420 1418 servatus
1456 1370 1506 1416 in
1541 1368 1702 1416 codice

179 1450 409 1499 Vaticano
449 1465 557 1511 305,
599 1449 887 1513 bombycino
935 1448 1084 1496 seculi
1133 1447 1297 1511 quarti
1344 1446 1529 1502 decimi,
1577 1445 1704 1493 foliis

177 1534 430 1576 constante
493 1544 600 1586 209,
661 1544 865 1590 quorum
926 1525 1317 1590 quattuordecim
1381 1524 1699 1587 (171—184)

179 1606 429 1654 COHtiloent
501 1605 765 1668 Πορφυρῖου
835 1605 1100 1666 φιλοσόφου
1170 1606 1377 1667 ὁμηρικῶν
1449 1601 1705 1666 ζητημάτων

179 1685 362 1741 βιβλίον
399 1705 440 1739 (ι,
475 1682 535 1729 ab
571 1681 731 1728 verbis
767 1681 998 1744 incipiens
1035 1679 1249 1730 πολλάκις
1284 1681 1358 1734 μὲν
1389 1682 1429 1725 ἐν
1465 1687 1560 1729 ταῖς
1596 1679 1704 1742 πρὸς

182 1763 399 1814 ἀλλήλους
437 1761 674 1808 συνουσίαις
717 1765 764 1805 et
807 1758 966 1805 Verbis
1006 1757 1200 1804 finitum
1242 1759 1391 1804 ἔπειτα
1442 1761 1464 1803 ὁ
1513 1758 1703 1820 Νέστωρ

183 1840 319 1903 φησὶν
355 1837 456 1882 ἀλλ’
495 1837 648 1901 ἄνδρας
684 1837 919 1890 κτείνωμεν,
946 1842 1055 1898 post
1091 1853 1215 1899 quae
1239 1836 1459 1901 sequitur
1484 1836 1580 1899 (fol.
1614 1839 1705 1894 184

184 1915 368 1978 —190)
425 1913 661 1961 Heracliti
709 1912 1069 1976 Allegoriarum
1127 1913 1454 1977 fragmentum
1515 1913 1625 1960 inde
1679 1930 1707 1959 a

184 1993 341 2057 capite
367 2009 443 2052 41.
514 1991 591 2037 EX
626 1990 715 2038 hoc
749 1990 909 2038 codice
934 1990 1122 2054 primus
1153 1990 1413 2055 Porphyrii
1438 1989 1705 2044 Ζητημάτων

186 2070 305 2118 liber
330 2069 490 2116 editus
514 2075 588 2115 est
613 2068 799 2115 Romae
827 2085 866 2115 a.
898 2071 1033 2126 1518,
1054 2068 1294 2131 repetitus
1316 2068 1375 2115 ab
1396 2067 1708 2115 F1-.Asulano

184 2148 316 2212 apud
350 2147 533 2194 Aldum
571 2145 853 2193 Manutium
879 2145 1103 2192 Venetiis
1129 2163 1166 2193 a.
1203 2161 1338 2206 1521,
1367 2145 1452 2209 qui
1483 2145 1533 2191 111
1568 2145 1708 2191 Prae-

185 2225 366 2272 fatione
392 2222 718 2287 Porphyrium
739 2240 795 2269 cfr
814 2222 1033 2286 emtique&
1052 2232 1328 2287 (wem-ptum
1349 2222 1710 2286 exemplaribus

186 2321 235 2350 se
262 2302 401 2350 edere
427 2301 587 2348 iactat.
661 2301 721 2347 In
746 2307 953 2364 utraque
986 2301 1198 2348 editione
1224 2301 1512 2364 scripturam
1537 2299 1711 2348 codicis

187 2398 356 2444 parum
395 2384 613 2426 accurate
654 2378 897 2425 redditam
942 2396 1043 2426 esse
1086 2379 1298 2426 ostendit
1339 2377 1614 2425 Hercherus
1660 2377 1710 2424 in

187 2459 367 2504 Herm&
409 2456 501 2503 vol.
549 2472 571 2517 5
614 2474 657 2519 p.
702 2472 977 2515 292—295.
1065 2456 1325 2503 Rationem
1368 2456 1524 2519 operis
1565 2455 1623 2502 ab
1662 2472 1710 2502 se

186 2534 435 2598 compositi
463 2533 762 2597 Porphyrius
780 2534 882 2597 ipse
902 2533 1118 2580 reddidit
1136 2533 1398 2597 praemissa
1416 2533 1535 2579 libro
1555 2532 1711 2596 primo

188 2614 250 2660 ad
286 2611 566 2659 Anatolium
604 2611 911 2658 Praefatione
950 2618 1001 2659 et
1036 2611 1209 2658 clarius
1240 2611 1290 2656 in
1327 2610 1505 2657 scholio
1542 2609 1603 2656 ad
1638 2625 1710 2664 10,

192 2706 298 2749 252,
323 2689 417 2737 vol.
448 2706 472 2747 3
500 2707 543 2752 p.
574 2705 683 2748 434,
730 2704 798 2747 15,
835 2689 965 2752 quod
1003 2706 1064 2735 ex
1100 2687 1225 2734 alius
1261 2687 1369 2733 libri
1406 2686 1710 2733 Praefatione

187 2772 403 2814 sunltum
444 2766 652 2821 Videtur,
691 2770 712 2819 ἡ
750 2767 981 2826 συναγωγὴ
1018 2769 1102 2812 τῶν
1143 2764 1405 2828 ζητουμένων
1442 2765 1599 2822 ’γέγονε
1637 2763 1712 2816 μὲν

187 2846 260 2898 ἤδη
297 2845 363 2889 καὶ
401 2846 505 2908 παρ’
539 2844 706 2893 ἅλλοις·
750 2847 862 2896 ἡμεῖς·
898 2843 940 2888 δὲ
976 2843 1033 2888 τὰ
1071 2844 1373 2905 προβλήματα
1411 2838 1713 2896 λαμβάνοντες

137 2941 139 2944 ⁴
188 2921 310 2985 παρὰ
342 2925 424 2967 τῶν
452 2920 720 2986 ἑζητηκότων
756 2920 834 2970 τὰς
869 2922 1011 2970 λύσεις
1047 2920 1310 2981 ἕπικρῖνομεν
1348 2917 1395 2967 ἃς
1432 2920 1575 2962 ἐκεῖνοι
1616 2918 1713 2962 ὑπέ-
