1910 3216
748 104 1098 147 PRAEFATIO.
1653 108 1694 149 ix

157 210 336 275 partim
395 227 455 257 ex
515 208 620 257 aliis
673 225 880 272 quorum
938 207 1077 273 copia
1129 208 1172 256 ei
1225 209 1387 256 fuerat
1445 210 1689 259 codicibus

156 287 452 352 compilavit,
501 286 912 351 quemadmodum
960 287 1169 334 Vicissim
1222 286 1427 335 aliorum
1473 287 1692 336 codicum

159 365 340 414 scholia
381 383 479 412 non
521 382 628 412 raro
671 382 731 412 ex
779 364 870 412 hac
909 364 1201 412 scholiorum
1248 364 1526 413 collectione
1575 374 1691 414 sunt

156 443 462 508 interpolata.

224 520 425 569 Codices
488 520 774 568 scholiorum
837 519 1022 568 Veneto
1082 521 1122 568 B
1182 539 1278 568 non
1340 522 1690 586 aequiparandi

155 598 368 662 quidem,
405 598 490 646 sed
526 604 689 645 tamen
733 597 917 645 similes
960 599 1005 646 ei
1041 616 1135 646 non
1169 599 1313 663 pauci
1349 606 1546 647 exstant
1581 618 1692 647 cum

156 675 345 723 infinita
420 676 686 740 scripturae
762 675 1061 732 diversitate,
1123 676 1183 723 de
1259 694 1368 741 qua,
1446 685 1690 741 quatenus

157 771 329 818 operae
371 754 583 818 pretium
633 753 739 810 erit,
784 753 834 800 in
877 753 1294 801 Annotationibus
1341 753 1484 818 plura
1532 755 1691 802 dicen-

155 839 250 880 tur.
324 831 528 879 Interim
559 849 649 896 ego
685 831 815 879 idem
844 831 976 895 quod
1005 832 1055 878 in
1086 831 1280 880 scholiis
1310 833 1484 881 codicis
1510 833 1692 881 Veneti

156 911 199 957 A
224 910 485 975 separatim
511 909 657 957 editis
685 909 938 957 consilium
971 916 1167 957 secutus
1197 911 1367 958 curavi
1398 917 1457 958 ut
1488 911 1690 960 alterius

156 1005 350 1052 quoque
396 987 616 1035 codicum
660 988 850 1052 generis
891 987 1170 1052 exemplum
1219 989 1517 1053 primarium,
1559 990 1691 1054 quod

156 1065 353 1130 praebet
399 1066 549 1113 codex
598 1065 821 1113 Venetus
870 1065 926 1122 B,
976 1083 1123 1130 quam
1172 1067 1487 1130 purissimum
1535 1086 1691 1132 neque

157 1162 216 1191 ex
259 1143 368 1191 aliis
404 1143 647 1191 codicibus
682 1142 1031 1207 interpolatum
1070 1143 1364 1201 exhiberem,
1402 1145 1579 1209 quibus
1621 1146 1692 1193 ita

156 1227 351 1269 tantum
376 1240 493 1269 usus
519 1240 625 1269 sum
651 1227 708 1268 ut
731 1238 792 1268 ex
818 1221 875 1268 iis
905 1221 1213 1269 librariorum
1238 1222 1289 1269 in
1312 1223 1472 1270 codice
1497 1223 1691 1272 Veneto

156 1316 351 1356 errores,
398 1299 483 1363 qui
530 1317 618 1347 nec
665 1298 810 1345 multi
858 1316 944 1346 nec
989 1317 1163 1364 graves
1210 1307 1340 1356 sunt,
1388 1301 1688 1366 corrigerem.

157 1376 385 1441 Quinque
410 1384 575 1424 autem
610 1376 921 1441 potissimum
950 1376 1038 1424 hoc
1070 1377 1267 1425 consilio
1299 1379 1542 1427 codicibus
1574 1398 1691 1427 usus

156 1472 277 1510 sum,
304 1454 628 1510 TownleianQ
663 1454 961 1511 Scorialensi,
998 1454 1235 1510 Leidensi,
1270 1456 1547 1513 HarleianQ
1578 1458 1689 1522 Lip-

157 1532 316 1587 siensi,
353 1550 507 1595 quum
544 1531 663 1578 alios
700 1531 879 1578 multos
915 1549 1039 1595 quos
1075 1531 1266 1596 inspexi
1299 1533 1384 1580 vix
1421 1534 1691 1599 quidquam

155 1609 266 1656 boni
298 1607 525 1673 praebere
551 1609 794 1665 vidissem,
820 1609 952 1672 quod
987 1627 1085 1656 non
1121 1610 1225 1674 peti
1262 1611 1416 1675 possit
1452 1629 1513 1658 ex
1550 1613 1690 1676 quin-

155 1705 250 1751 que
285 1687 395 1744 illis,
430 1705 637 1752 quorum
674 1687 898 1752 princeps
934 1692 1005 1734 est
1042 1687 1392 1747 Townleianus‚
1431 1689 1545 1737 olim
1583 1691 1622 1737 F
1625 1690 1690 1738 lo-

154 1764 376 1812 rentinus
417 1765 466 1812 in
508 1765 801 1813 bibliotheca
844 1765 1052 1813 Salviati
1070 1765 1111 1821 *,
1148 1765 1290 1814 hodie
1337 1767 1464 1814 inter
1504 1768 1689 1816 codices

155 1842 460 1890 Burneianos
508 1844 669 1891 Musei
716 1842 1001 1898 Britannici,
1044 1844 1255 1909 scriptus
1302 1845 1353 1892 in
1399 1846 1689 1894 membranis

155 1919 316 1968 seculo
366 1920 633 1978 undecimo,
684 1921 744 1969 de
797 1938 894 1985 quo
947 1920 1122 1969 certius
1181 1929 1438 1979 constaret,
1487 1924 1579 1971 nisi
1640 1926 1689 1972 in

154 1998 505 2063 subscriptione
541 2016 707 2046 erasus
742 2006 870 2048 esset
904 2001 1019 2047 anni
1055 2018 1299 2057 numerus,
1330 2001 1389 2049 de
1427 2020 1524 2066 quo
1561 2002 1689 2050 dixit

212 2159 229 2179 *
259 2159 305 2196 V.
338 2159 482 2195 Lucam
508 2158 756 2196 Holstenium
788 2159 826 2195 in
859 2159 1141 2197 Dissertatione
1171 2160 1217 2197 de
1238 2160 1317 2197 vita
1348 2164 1385 2197 et
1415 2161 1567 2210 scriptis
1597 2162 1687 2199 Por-

156 2225 281 2275 phyrii
312 2239 390 2274 cap.
420 2235 452 2273 7.
513 2225 665 2262 Scholia
691 2225 917 2275 rhapsodiae
942 2239 1062 2263 nonae
1092 2240 1138 2263 ex
1168 2225 1238 2263 hoc
1267 2226 1395 2264 codice
1425 2226 1545 2264 edidit
1575 2227 1687 2265 Conr.

156 2291 362 2336 Homeius,
386 2290 618 2328 Helmstadii
639 2304 671 2327 a.
698 2293 811 2333 1620,
833 2291 1026 2340 descripta
1046 2292 1092 2328 ab
1113 2291 1170 2330 Io.
1192 2291 1351 2329 Caselio.
1410 2292 1688 2341 Apographum

155 2357 387 2394 scholiorum
410 2356 550 2393 codicis
571 2356 806 2393 Townlciani
828 2357 953 2393 seculo
981 2361 1088 2393 sexto
1119 2356 1264 2394 decimo
1286 2371 1399 2394 manu
1423 2357 1599 2407 eleganti,
1622 2358 1687 2395 sod

156 2435 230 2459 non
270 2422 349 2459 sinc
389 2422 519 2459 multis
559 2422 753 2458 erroribus
792 2422 985 2471 scriptum,
1028 2436 1073 2459 cx
1107 2422 1339 2459 bibliotheca
1379 2423 1482 2460 Petri
1522 2423 1686 2461 Victorii

155 2501 241 2524 cum
271 2487 355 2524 aliis
386 2487 466 2524 eius
495 2487 604 2523 libris
634 2487 781 2524 Romae
812 2487 969 2524 commis
999 2487 1037 2524 in
1068 2487 1211 2537 regiam
1242 2488 1506 2525 Monaccnscm
1538 2495 1595 2526 cst
1624 2490 1688 2526 dc-

155 2553 287 2597 latum,
319 2566 476 2589 numero
508 2558 685 2589 notatum
714 2552 790 2597 xvi,
813 2552 913 2589 soliis
945 2563 1022 2600 470
1050 2553 1191 2590 formae
1222 2554 1434 2590 maximae:
1467 2569 1502 2591 v.
1525 2555 1686 2592 Hardtii

155 2618 274 2655 Catal.
310 2618 383 2654 vol.
425 2631 438 2654 1
478 2631 512 2667 Ι).
549 2631 609 2666 91.
683 2618 823 2655 Codice
863 2618 1068 2668 archetypo
1108 2619 1147 2655 in
1196 2619 1350 2656 scholiis
1392 2619 1685 2669 rhapsodiarmu

155 2683 326 2732 quinquo
366 2683 401 2731 (1
439 2687 474 2720 ct
515 2683 698 2731 19—22)‚
736 2684 773 2719 in
814 2684 948 2720 celcris
982 2684 1201 2733 ap‹‘›gral›ho
1237 2684 1460 2721 Victoriam)
1500 2700 1588 2722 usus
1628 2691 1686 2723 cst

156 2748 343 2797 Hermu&
375 2762 486 2797 quem
518 2763 551 2785 v.
582 2749 619 2785 in
653 2749 772 2786 Przwf.
810 2749 884 2787 vol.
918 2762 937 2797 3
970 2763 1004 2798 p.
1043 2750 1087 2795 ci,
1120 2750 1199 2786 solo
1237 2750 1455 2799 apographo
1486 2751 1685 2788 Bckkerus

155 2819 192 2851 et
223 2814 344 2850 multo
369 2813 592 2860 diligentius
620 2813 692 2850 Ad.
716 2814 923 2850 noemi—rus
953 2814 991 2850 in
1022 2814 1289 2852 dissertatione
1316 2816 1360 2850 de
1389 2815 1539 2851 scholiis
1571 2817 1684 2852 Victo-

158 2881 284 2915 rianis
306 2879 532 2924 lfomana-225,
554 2879 746 2916 Monac-hii
764 2879 866 2916 edita
886 2894 918 2916 a.
948 2883 1059 2927 1874.
1102 2880 1183 2929 Ego
1201 2894 1296 2929 quac
1319 2880 1355 2917 in
1374 2881 1684 2918 annotationibus

158 2944 366 2981 memoravi
387 2957 431 2981 ex
455 2944 535 2994 ipso
557 2945 684 2982 codice
706 2944 950 2982 Townlciano
972 2945 1103 2982 sumsi.
